2386 3816
524 130 754 198 QUINTILIANI
839 128 852 145 ⁴

378 395 382 402 .
494 323 788 396 ocouxxxnl.

430 451 547 536 Rapta
569 448 662 517 male
684 449 851 517 tractata.

162 595 258 674 Quas
290 611 400 662 naun
431 610 551 659 unuln
587 608 841 659 scammonia
877 607 1122 678 nsnnnvuan,

250 701 394 751 nuenan
425 699 545 749 norun
578 696 753 765 asumma
792 698 823 746 s1
850 696 1037 748 mnouffl
1065 699 1123 748 uu·

126 789 142 840 o
250 789 381 856 rsunrr,
403 786 514 835 nrrun
536 786 718 835 nusrmnr.
746 769 852 855 Rapta
873 771 1012 854 nuptias
1036 775 1124 855 opta·

252 863 308 944 vit,
330 862 445 947 postea
466 859 572 924 uirum
591 858 696 923 malae
715 857 922 923 tractationis
941 857 1123 924 damnavit:

252 951 345 1015 litem
367 952 472 1014 morte
496 947 657 1013 aestimat.

472 1121 810 1190 DECLAMATIO.

229 1248 340 1314 Nimio
364 1269 474 1314 amore
497 1251 530 1314 et
553 1247 696 1313 sollicita
718 1247 928 1333 inquisitione
950 1246 1009 1313 hic
1029 1250 1123 1315 offen·

111 1339 213 1403 rodit
234 1358 377 1404 uxorem
422 1337 514 1402 venit
540 1337 597 1400 illa
619 1336 656 1400 in
678 1335 786 1400 forum
810 1336 970 1421 gratiosa,
999 1359 1044 1402 ne
1067 1360 1125 1404 nos

163 1425 292 1510 quidem
322 1424 524 1504 obstitimus,
557 1445 620 1508 quo
644 1424 752 1489 minus
776 1424 932 1508 vinceret,
964 1429 1006 1490 ut
1029 1427 1125 1492 scire

163 1535 251 1597 mus,
283 1511 400 1599 quanti
432 1511 541 1577 dotem
572 1513 767 1578 aestimaret.
812 1511 934 1577 iudices
958 1512 1125 1580 dixerunt:

162 1601 258 1687 »quid
268 1623 329 1666 nos
340 1600 591 1666 intercedimus?
615 1601 739 1686 optime
752 1600 832 1684 ipsis
843 1601 1025 1667 conveniet.
1048 1604 1127 1670 haec

163 1693 290 1775 tamen,
321 1712 362 1755 ne
392 1689 460 1755 sine
490 1711 588 1755 causa
614 1689 650 1753 in
677 1689 785 1754 forum
812 1689 961 1754 videatur
988 1693 1127 1776 venisse,

111 1795 144 1844 15
163 1779 249 1844 ferat
271 1778 394 1864 aliquid
417 1777 541 1843 solatii:
568 1777 652 1844 bene
674 1777 833 1843 credimus
856 1776 906 1842 illi
928 1778 999 1843 eius
1024 1781 1127 1864 patri-

165 1868 320 1952 monium,
343 1867 433 1933 cuius
452 1867 553 1950 capiti
571 1866 759 1952 perpercit«
791 1888 984 1932 veneramus
1003 1867 1126 1934 hilares

164 1956 205 2022 ad
229 1956 497 2022 aestimationem.
527 1961 563 2020 at
579 1956 653 2040 ista,
676 1954 775 2039 »quid
798 1954 888 2038 mihi,
910 1954 1031 2041 inquit,
1056 1979 1126 2023 cum

163 2045 302 2129 pecnnia
325 2041 397 2109 est?
421 2047 560 2109 mortem
585 2044 762 2108 desidero«
794 2047 891 2128 putat
914 2063 958 2129 se,
980 2049 1020 2110 ut
1045 2047 1127 2112 occi-

165 2132 268 2215 deret,
290 2132 421 2216 vicisse,
439 2153 526 2216 „quae
549 2133 641 2213 vicit,
663 2132 739 2216 quia
761 2153 828 2196 non
852 2131 1025 2200 occiderat.
1074 2135 1128 2200 ob·

112 2235 146 2286 20
167 2219 365 2304 sequendum
388 2223 440 2284 est
461 2219 537 2304 tibi,
560 2219 761 2285 adulescens:
790 2220 875 2285 nihil
897 2220 930 2284 in
953 2223 1128 2289 mulierem

167 2308 285 2374 dicam:
310 2308 366 2373 sed
388 2307 524 2392 patiaris
548 2330 679 2373 causam
702 2311 793 2373 tuum
817 2307 951 2374 defendi.

244 2396 390 2463 Dicimus
438 2395 640 2480 pecuniarias
682 2397 758 2461 lites
800 2418 887 2481 esse,
923 2397 1128 2482 litigatorem

167 2507 237 2551 esse
260 2507 326 2550 non
349 2506 455 2569 reum,
481 2507 547 2550 non
571 2486 626 2568 qui
649 2484 687 2549 de
710 2485 816 2569 eapite
840 2486 1015 2552 sortiatur:
1046 2487 1127 2553 illud

168 2574 324 2639 indicium
365 2574 491 2656 vocari,
533 2573 774 2657 quaestionem,
814 2572 973 2658 quidlibet
1020 2576 1129 2660 potins

113 2676 147 2726 25
168 2684 267 2746 quam
290 2662 390 2727 litem.
436 2661 614 2746 »<litem>
638 2663 857 2746 aestimet,‹<
883 2663 1003 2746 inquit:
1031 2685 1129 2748 quam

166 2750 342 2833 familiare,
369 2772 465 2834 quam
494 2749 692 2815 cotidianum
715 2751 851 2815 verbum
879 2751 951 2816 est?
999 2752 1129 2837 siquid

168 2837 407 2903 commodatum
429 2861 495 2903 non
517 2838 672 2921 redditur,
693 2842 772 2903 nota
795 2842 870 2904 sunt
892 2840 993 2904 uerba
1016 2845 1129 2927 postu·

169 2925 317 3010 lantium,
340 2926 475 3009 »quanti
498 2928 676 2993 aestimat«
713 2947 790 3012 ergo
813 2928 1038 3011 pecuniarium
1061 2952 1129 2996 uer·

168 3013 246 3079 bum
271 3016 329 3078 est.
374 3014 450 3081 huie
473 3019 509 3079 tu
533 3020 672 3081 mortem
694 3020 792 3100 putas
816 3015 942 3081 subici?
965 3019 1128 3084 veneficus

238 3193 272 3242 12
297 3189 443 3257 quantor
467 3191 477 3259 fl
500 3195 606 3243 13-14
628 3189 699 3244 haec
717 3191 813 3244 tamen
831 3194 922 3244 om.B
945 3191 954 3259 ΙΙ
978 3195 1013 3244 16
1032 3190 1130 3246 illares

165 3263 219 3327 Δι,
239 3258 353 3314 hillares
371 3263 425 3328 Ab,
443 3260 554 3328 hylares
573 3262 666 3329 111118
685 3260 729 3315 est
746 3260 817 3314 mihi
836 3262 955 3316 mortem
973 3263 994 3312 B
1009 3263 1019 3332 fl
1035 3268 1068 3316 19
1088 3261 1128 3317 vi·

166 3328 236 3384 cisse
256 3347 282 3399 q.
302 3347 328 3386 v.
348 3349 374 3400 q.
393 3348 419 3384 u.
440 3330 583 3385 occiderat
600 3346 650 3385 om.
670 3335 690 3383 B
715 3333 724 3401 fl
746 3337 851 3386 22—23
872 3330 1048 3401 litigatorem
1067 3348 1130 3388 esse

164 3414 215 3455 om.
233 3404 275 3453 Aa
287 3402 298 3471 l
312 3407 346 3458 25
365 3399 488 3476 (litem)
507 3401 563 3457 Aer
576 3403 588 3472 lt
600 3405 633 3455 28
652 3402 836 3472 pecuniarum
853 3406 873 3454 B
