2386 3816
177 159 245 226 434
544 157 776 224 omninum

178 322 281 405 domi,
303 320 507 406 propinquis,
530 320 733 403 domesticis,
760 319 901 403 libertis,
929 320 1030 386 aviac
1056 322 1159 408 (faci-

178 432 241 476 nus
269 407 468 496 indignumi)
497 410 595 474 matri
623 412 753 474 tanturn
775 408 915 494 probare
937 430 1011 474 non
1034 433 1157 496 possu-

178 521 265 564 mus:
289 520 391 583 nsque
415 521 453 564 eo
478 520 513 563 se
535 498 675 563 libenter
698 496 801 562 credit
820 497 981 581 orbatam,
1007 503 1049 564 ut
1074 523 1156 567 suos

178 608 245 653 non
267 587 333 652 nisi
356 591 502 653 mortuos
527 589 693 671 agnoscat.
724 585 810 670 quod
829 587 858 650 si
877 588 974 650 antea
994 587 1156 671 ignotum

144 676 252 760 afuit,
275 680 433 761 quantum
456 675 612 760 pecuniae
635 673 794 759 cupiditas
818 675 932 759 possit,
954 674 1082 742 viatrix
1108 682 1154 743 et-

178 765 245 830 iarn
275 765 313 829 de
341 768 459 829 natura
485 762 677 847 triumphat.
722 763 853 846 mulier,
880 763 976 828 modo
1009 766 1154 832 cadaver

158 858 349 940 tamquam
380 852 485 917 filium
514 852 698 937 complexa,
729 870 816 917 nnnc
843 851 949 916 filium
971 856 1152 941 tamquam

179 944 316 1008 cadaver
337 941 438 1026 fugis
484 962 567 1025 quas
593 940 692 1005 funus
716 962 811 1005 suum
833 944 963 1005 tanturn
989 942 1060 1008 sibi
1084 966 1151 1010 cre

179 1031 276 1113 didit,
307 1029 561 1116 gratulationem
593 1029 718 1094 nemini
750 1028 927 1111 cred[id]it!
979 1029 1151 1100 infelicem

127 1141 161 1191 10
179 1141 316 1205 puerum
344 1120 416 1184 sola
437 1140 503 1184 non
526 1117 676 1204 agnoscit
698 1138 737 1181 ax
759 1118 964 1203 propinquis.
1014 1142 1150 1188 causam

179 1207 357 1294 quaeritis?
380 1231 442 1271 -ε
466 1207 542 1292 quia
564 1207 654 1272 vivit.

247 1296 442 1378 [Narratio]
488 1294 673 1360 Habuimus
706 1294 945 1361 adulescentem
983 1299 1147 1382 optimum

179 1385 411 1469 propinquum,
446 1384 655 1449 mitissimum
691 1388 881 1468 patronum,
916 1384 1147 1452 fidelissimum

180 1474 333 1536 amicum:
365 1471 521 1537 maritum
547 1494 625 1538 vero
652 1472 790 1537 nimium
818 1494 947 1558 quoque
976 1477 1147 1560 uxorium,

124 1580 161 1630 rs
181 1560 267 1645 quod
294 1561 490 1646 ignovimus:
522 1559 626 1626 filium
650 1562 837 1628 sustulerat.
882 1583 964 1646 puer
987 1566 1146 1630 continuo

180 1649 221 1714 ad
244 1649 352 1715 aviam
374 1650 553 1714 translatus
578 1654 637 1714 est.
669 1648 791 1715 scilicet
815 1649 854 1715 ab
870 1650 928 1716 illa
952 1653 1075 1719 matris
1099 1655 1146 1718 in-

181 1739 351 1825 dulgentia
378 1742 536 1823 occupata
564 1742 614 1804 ast
637 1741 670 1803 et
691 1738 773 1804 haec
797 1739 945 1804 ablatum
968 1761 1039 1805 non
1063 1741 1145 1806 indi-

88 1837 89 1841 ’
180 1831 283 1916 gnata
310 1833 370 1894 est.
414 1831 485 1894 toto
516 1824 568 1892 illi
591 1848 724 1911 corpore
745 1827 903 1912 innotuit3
939 1834 1146 1896 nontamen

179 1918 367 1982 ulteriorem
391 1917 484 1983 ariae
506 1917 658 1982 notitiam
680 1915 849 2000 profiteor:
873 1920 1031 2000 nepotem
1051 1941 1144 1985 sunm

127 2025 161 2073 no
181 2006 303 2090 optime
316 2005 400 2072 facie
412 2004 514 2071 novit.
537 2003 678 2070 moriens
693 2004 795 2089 igitur
808 2005 1013 2090 propinquus
1033 2011 1146 2074 noster

179 2097 413 2159 testamentum
437 2093 569 2178 scripsit
590 2094 687 2158 breve
710 2097 744 2159 et
763 2095 909 2178 simplex.
939 2116 1021 2160 nam
1040 2117 1144 2182 neque

180 2181 236 2246 diu
255 2182 294 2246 de
312 2182 419 2266 primo
437 2181 555 2247 herede
574 2181 783 2268 cogitandum
801 2181 865 2247 fuit
878 2183 1017 2248 habenti
1032 2185 1145 2269 filium,

33 2290 44 2307 ·
179 2290 284 2355 neque
309 2270 349 2335 da
372 2271 511 2336 secundo
534 2271 669 2336 habenti
691 2291 834 2338 uxorem.
870 2293 931 2336 nec
955 2293 1038 2338 sane
1063 2273 1145 2340 invi·

180 2358 285 2425 dimus
317 2360 374 2425 isti
403 2360 598 2425 honorantia
620 2359 681 2424 viri
704 2359 839 2444 iudicia,
872 2361 991 2444 quibus
1014 2363 1144 2428 utinam

126 2465 160 2514 25
179 2448 320 2533 gratiam
343 2447 487 2514 referret.
531 2470 636 2535 neque
659 2448 732 2513 avia
755 2454 884 2533 captare
907 2452 1144 2518 testamentum

180 2537 249 2602 eius
272 2536 322 2602 fas
345 2538 487 2622 putavit,
517 2537 569 2603 cui
592 2536 814 2603 destinaverat
837 2559 939 2602 suum.
987 2539 1073 2607 haec
1097 2544 1144 2606 est

179 2629 293 2691 nostra
310 2627 470 2691 narratio:
494 2627 560 2691 ista
577 2629 690 2690 narret
709 2646 785 2690 suos
805 2626 938 2712 piratas.
970 2648 1042 2693 non
1062 2630 1144 2696 inse

180 2736 261 2799 quar
289 2737 360 2780 eam
388 2715 542 2799 malignis
570 2713 824 2799 suspicionibus,
854 2715 919 2780 nisi
947 2717 1038 2799 quod
1069 2739 1144 2783 suos

179 2803 335 2868 libentius
368 2807 514 2868 mortuos
547 2803 705 2888 agnoscit
749 2804 880 2869 habetis
916 2807 1145 2872 narrationem

126 2909 162 2957 ao
180 2892 282 2974 pueri,
304 2891 433 2957 habetis
457 2895 490 2956 et
512 2893 641 2958 matris:
666 2892 775 2958 audite
794 2893 915 2957 liberti.
943 2893 1145 2979 interposito

179 2983 327 3063 tempora
356 2979 491 3045 libertus
522 2982 620 3045 notae
649 2981 826 3065 probitatis
859 2978 1010 3066 (deornm
1045 2985 1144 3051 credo

252 3151 407 3210 teredidit
424 3155 498 3224 3117
520 3159 551 3210 Ν
572 3157 619 3227 Al
636 3173 689 3212 nec
706 3161 727 3208 B
746 3158 785 3225 118
805 3155 859 3211 sibi
891 3155 955 3210 finis
973 3160 995 3210 B
1010 3158 1052 3227 119
1073 3161 1146 3231 grat

178 3243 252 3283 nam.
273 3224 393 3281 credidit
410 3241 460 3282 om.
478 3230 515 3295 lt,
538 3241 607 3282 corr.
626 3228 691 3284 Lat.
705 3230 715 3298 ΙΙ
730 3234 763 3282 10
782 3229 849 3283 etl!
889 3232 921 3282 12
941 3227 1145 3302 *[Narratio];

179 3297 624 3369 ofi312,41113fidelissirdss
648 3305 681 3354 16
700 3299 737 3354 ad
754 3303 786 3364 Δ,
805 3302 836 3354 et
852 3304 883 3367 B,
901 3314 971 3356 corr.
991 3301 1054 3357 edd.
1112 3307 1146 3359 2⁸

178 3384 231 3424 nec
248 3367 429 3440 Apprioram
447 3373 507 3439 AB,
527 3370 663 3425 cornder
675 3371 685 3440 ΙΙ
699 3375 734 3424 24
751 3370 890 3425 honorata
907 3373 967 3440 AB,
987 3385 1061 3431 corr.
1096 3372 1147 3444 ctu

170 3447 208 3499 80
225 3442 320 3501 matre
341 3446 400 3515 AB,
420 3459 492 3502 corr.
512 3440 568 3499 Aer
