2386 3816
154 142 219 207 228
505 140 748 207 comuniter
842 102 846 109 ’

239 305 340 369 dilata
363 304 530 370 damnatio
556 308 614 369 est.
649 303 824 368 intervenit
846 303 886 386 is,
909 301 966 387 qui
989 301 1122 368 occisus

238 394 413 459 dicebatur.
450 394 535 478 petit
557 414 632 458 reus
656 414 797 477 poenam
823 391 1035 458 accusatoris.

549 569 723 636 SERMO.

216 695 291 762 Non
319 697 381 761 erit
410 695 564 779 alienum,
595 694 788 760 advocatum
816 694 893 760 dare
921 693 1000 759 huic
1024 714 1123 760 accu-

116 803 131 852 5
152 786 261 851 satori.
292 785 371 851 fecit
394 808 464 851 rem
489 781 541 872 (ut
564 783 754 870 parcissime
773 781 893 868 dicam)
912 783 1123 868 paenitentia

151 875 291 960 dignam.
342 878 375 940 εὴ
403 874 523 940 fortius
552 871 741 938 defendetur
770 873 811 938 ab
840 873 904 939 alio
933 874 967 938 et
994 873 1123 938 maiore

150 986 224 1030 curn
246 963 438 1030 verecundia
459 967 616 1048 patronus
641 961 862 1048 confitebitur,
886 961 1019 1047 siquid
1044 983 1123 1027 con·

14 1126 17 1137 ,
150 1052 308 1119 fitendum
336 1057 393 1119 est.
440 1057 473 1118 et
502 1052 653 1137 quotiens
683 1072 779 1116 causa
806 1052 880 1137 plus
903 1050 983 1116 iuris
1007 1050 1123 1135 habet,

98 1162 100 1168 ’
151 1165 249 1226 quam
276 1142 423 1227 pudone,
452 1142 492 1208 ad
521 1163 594 1206 eum
621 1140 848 1207 transferenda
876 1143 937 1223 est,
966 1140 1024 1225 qui
1046 1151 1123 1206 'non

99 1250 131 1298 10
152 1232 324 1297 erubescet.

471 1371 808 1439 DECLAMATIO.

218 1495 322 1562 Reum
350 1498 463 1582 capitis
492 1498 657 1563 arcessitis
679 1499 714 1562 in
741 1518 781 1562 ca
808 1496 955 1579 civitate,
987 1496 1024 1560 in
1056 1518 1125 1582 qua

150 1589 214 1653 hoc
237 1608 336 1673 graue
359 1591 392 1651 et
413 1585 583 1672 indignum
602 1586 743 1652 ridetur:
767 1590 801 1652 et
818 1607 909 1651 reum
928 1585 1049 1671 capitis
1070 1609 1123 1652 ar·

151 1676 292 1761 cessitis,
325 1676 382 1762 qui
413 1676 477 1762 ipsi
504 1676 747 1742 intolerabilem
778 1676 864 1741 hanc
892 1674 1126 1742 crudelitatem

99 1784 132 1832 15
150 1766 285 1833 vocatis.
331 1765 543 1833 conveniebat
566 1786 630 1848 cos,
658 1766 715 1851 qui
742 1765 961 1831 temeritatem
988 1785 1126 1831 accusa-

151 1857 253 1922 tionis
272 1856 433 1940 incusant,
455 1854 538 1919 nihil
556 1855 621 1920 nisi
640 1858 763 1920 certum
782 1854 1053 1939 exploratumque
1068 1855 1125 1920 de-

151 1945 244 2011 ferre.
300 1966 377 2032 ergo
410 1945 483 2032 lege
517 1943 620 2010 occidi
647 1943 746 2010 vultis
774 1943 861 2009 hunc
886 1943 1017 2027 statim,
1056 1945 1126 2029 qui

152 2057 257 2099 reum
276 2032 405 2100 caedis
425 2032 613 2098 detulerit
636 2031 805 2120 (hactenus
825 2053 981 2118 agnosco:
1002 2032 1127 2099 detulit

153 2124 254 2206 enim,
291 2144 386 2206 quem
414 2121 565 2208 defendo)
604 2121 780 2207 <neque>
813 2120 1126 2205 damnav<cr>it

100 2229 135 2278 20
155 2213 259 2296 [que]:
278 2211 341 2276 hoc
359 2211 425 2276 iam
445 2210 486 2275 ad
506 2231 567 2276 nos
585 2233 652 2276 non
671 2212 819 2296 pertinet.
851 2210 905 2276 hic
924 2211 1011 2276 enim
1029 2213 1125 2277 dam-

152 2305 250 2366 natus
282 2304 341 2366 est.
389 2300 536 2385 sequitur
560 2319 653 2385 ergo,
681 2304 718 2366 ut
741 2300 840 2366 aliam
862 2299 970 2384 legem
995 2299 1126 2367 adfera-

154 2393 256 2472 [muls
281 2393 337 2455 aut
366 2389 450 2455 hanc
474 2393 581 2455 mutes
605 2393 662 2454 aut
691 2391 754 2455 hoc
784 2389 902 2478 audeas
933 2389 1039 2454 dicere
1068 2391 1125 2456 ius

154 2480 284 2563 aliquod
309 2479 371 2544 tibi
395 2501 465 2545 esse
489 2478 713 2545 constituendi.

221 2567 273 2632 Ad
300 2569 602 2653 interpretationem
630 2590 689 2633 nos
713 2590 810 2634 vocas
834 2571 867 2632 et
890 2588 929 2633 ex
951 2567 1014 2632 hac
1037 2569 1126 2654 legs,

100 2675 135 2723 25
155 2680 218 2741 qua
241 2657 363 2742 litigas,
387 2657 484 2723 aliam
504 2656 700 2723 constituere
720 2657 856 2722 conaris.
890 2655 967 2721 Non
986 2660 1037 2722 est
1056 2657 1124 2723 ista

154 2768 205 2810 res
229 2746 382 2830 iudicum,
404 2769 470 2812 non
492 2747 620 2832 horum,
644 2748 699 2832 qui
724 2746 764 2812 ad
788 2749 876 2811 certa
893 2745 974 2830 iura,
998 2750 1031 2811 et
1053 2748 1124 2832 qui-

154 2836 227 2900 dem
255 2835 367 2919 iurati,
395 2837 616 2903 consederunt.
663 2836 790 2901 deflecti
817 2836 887 2900 iura
914 2857 955 2899 ne
983 2857 1044 2920 pro
1068 2836 1124 2902 ds-

228 3018 242 3065 1
262 3010 358 3066 delata
376 3015 426 3064 AB
449 3013 459 3081 ΙΙ
482 3009 637 3068 dominatio
656 3015 680 3065 A
698 3013 707 3082 ll
721 3010 830 3068 vecisus
848 3015 872 3063 A
885 3013 924 3081 113
944 3010 1125 3067 Declamatio

154 3083 197 3151 ΡΗ
212 3089 228 3136 4
247 3082 307 3136 dari
325 3086 345 3134 Β
364 3084 373 3153 ll
393 3088 408 3137 t
427 3083 601 3152 penitentiae
620 3085 664 3154 llll
684 3089 752 3140 6-‘1
771 3083 908 3139 malorem
926 3099 990 3138 cum
1008 3088 1032 3136 A
1055 3085 1064 3153 tl
1089 3090 1125 3139 10

155 3154 295 3209 erubescit
312 3158 369 3219 AB,
389 3169 458 3209 corr.
478 3153 523 3209 Ro
536 3156 546 3224 ΙΙ
561 3161 594 3209 15
613 3153 637 3209 is
656 3159 715 3223 AB,
734 3171 802 3212 corr.
821 3154 878 3210 Aer
892 3156 901 3225 ΙΙ
917 3159 1020 3210 15-16
1040 3171 1125 3212 accu-

155 3228 218 3279 sant
236 3224 308 3279 nihil
326 3225 473 3280 misertum
492 3225 738 3295 Bl19*defendo
758 3225 1009 3296 dampnavitquem
1023 3231 1055 3296 A,
1074 3226 1123 3282 de·

154 3295 239 3352 fendo
258 3296 458 3367 damnaritque
478 3299 521 3367 1³ss
536 3303 570 3352 20
589 3315 646 3352 non
664 3314 714 3355 om.
732 3304 755 3352 A
768 3300 778 3368 [l
792 3303 897 3354 20-21
913 3298 1058 3354 damnatus
1071 3302 1124 3366 Aa,

154 3367 332 3423 indemnatus
356 3373 434 3437 Ain,
465 3385 535 3424 corr.
560 3368 602 3424 Gr
624 3372 633 3440 ΙΙ
656 3375 761 3425 21-22
785 3369 970 3441 adfera[mu]s
991 3368 1033 3426 Gr
1055 3371 1065 3439 ΙΙ
1088 3376 1124 3425 23

155 3438 337 3496 constitutum
353 3443 409 3512 AB,
431 3456 501 3498 corr.
513 3440 557 3499 Ro
571 3443 582 3512 ll
594 3446 629 3498 lt
647 3440 788 3497 iudicium
800 3446 847 3494 AA
859 3442 917 3508 llll
937 3441 1087 3498 consedere
1102 3446 1124 3496 A
