2386 3816
154 157 218 222 328
518 154 744 222 QUINTILIANI

153 321 233 386 haec
270 320 380 384 omnia
417 319 514 384 simul
547 319 642 384 amisi
675 322 708 383 et
739 318 849 407 omnia
878 318 960 383 haec
996 317 1119 383 iniuria

153 409 257 474 amisi.
285 409 443 473 exercitus
466 429 516 473 me
536 408 743 492 expugnavit,
762 407 846 472 sicut
865 408 979 472 urbem
997 406 1117 471 hostis:

153 501 186 562 et
207 497 288 562 haec
310 501 381 581 ipsa
404 519 501 563 causa
520 498 601 562 satis
619 498 707 561 iusta
726 500 796 561 erat
814 496 994 562 voluntatis
1015 517 1118 562 meae.

154 586 223 652 odit
246 609 297 651 me
322 587 491 668 exercitus,
513 608 589 669 pars
612 586 726 669 populi
750 585 940 667 fortissima,
963 606 1041 669 pars
1058 606 1117 668 po-

118 675 223 760 cpuli
252 675 373 758 optime
402 675 440 740 de
464 696 498 738 re
521 673 652 758 publica
675 674 805 756 merita,
833 673 883 738 illi
906 673 1028 738 milites
1052 674 1117 739 vic·

153 769 255 848 tores,
284 765 334 829 illi
361 764 506 829 hostium
533 763 639 847 spolia
669 762 845 827 referentes
867 784 933 826 non
956 784 1008 827 1111
1033 763 1116 828 occi·

152 853 282 937 derunt,
306 853 361 917 sed
384 853 507 917 liberos
530 873 633 916 meos:
660 854 739 935 puto
767 851 842 916 illos
869 850 921 916 his
951 851 1116 916 aetatibus

152 941 295 1007 hostium
318 941 503 1025 pepercisse
525 975 570 987 —
593 941 764 1025 coniugem
787 961 906 1004 meam:
937 940 995 1004 illa
1018 940 1115 1005 modo

151 1031 239 1097 victa
262 1031 376 1096 civitas
399 1030 493 1114 nihil,
516 1029 603 1114 quod
626 1029 666 1093 ad
685 1028 822 1094 feminas
844 1029 995 1112 pertinet,
1017 1050 1117 1112 passa

100 1134 132 1184 1o
152 1123 203 1184 est
230 1123 359 1204 praeter
387 1119 622 1203 captivitatem.
667 1117 800 1183 domum
833 1139 939 1182 meam
972 1117 1117 1183 incende·

151 1212 242 1273 ruat:
273 1211 363 1273 stant
384 1208 476 1292 illae,
500 1229 580 1292 quas
603 1207 748 1272 vicimus.
794 1206 874 1271 illud
896 1210 1007 1271 tamen
1029 1206 1116 1271 inter

151 1297 261 1361 omnia
284 1296 514 1380 gravissimum
537 1299 600 1362 est:
629 1317 702 1360 cum
729 1295 809 1359 haec
831 1294 977 1377 fecerint,
1005 1294 1116 1359 existi-

150 1389 243 1448 mant
266 1406 300 1448 se
322 1386 392 1449 iure
415 1384 539 1450 fecisse.

219 1472 366 1559 ,Omnia
388 1472 606 1557 inquit‘haec
629 1477 663 1537 et
685 1492 746 1557 ego
769 1493 885 1556 pessus
908 1470 1008 1536 sum.“
1038 1471 1116 1553 scic,

99 1576 131 1626 15
151 1582 213 1644 quo
238 1562 411 1646 pertineat:
434 1565 472 1626 ut
490 1561 601 1626 videar
623 1582 683 1646 ego
707 1560 824 1626 merito
848 1583 974 1645 passus.
1007 1563 1059 1626 est
1083 1564 1116 1626 et

149 1648 231 1715 haec
254 1672 352 1716 causa
374 1649 546 1730 moriendi,
571 1650 599 1714 si
622 1652 752 1714 tantum
775 1650 919 1734 peccavi,
947 1649 975 1713 si
999 1671 1038 1714 eo
1062 1671 1116 1714 me
1156 1653 1159 1658 ’

150 1738 280 1804 deduxit
303 1761 406 1824 error,
433 1742 471 1804 ut
498 1738 584 1804 filios
613 1760 702 1803 meos
726 1739 914 1803 occiderem.
960 1740 1116 1803 confiten-

150 1827 227 1894 dum
259 1833 310 1894 est
347 1829 386 1893 de
422 1828 484 1894 hac
522 1827 718 1914 gravissima
749 1827 948 1892 calamitate:
981 1827 1117 1892 domum

149 1938 254 1982 meam
263 1917 406 1984 incendit
415 1917 584 1999 exercitus,
595 1917 734 2001 populus
742 1915 970 1981 nondefendit.
985 1916 1116 2001 „omnia

97 2021 131 2071 21
149 2009 261 2070 tamen
283 2006 395 2071 eadem
419 2009 452 2070 et
475 2026 535 2090 ego
559 2028 674 2089 pessus
698 2002 798 2070 sum.“
844 2004 983 2069 Possum
1007 2005 1116 2070 dicere

149 2093 211 2158 hoc
228 2096 371 2158 tantum:
394 2093 478 2158 ferre
494 2095 613 2175 fortius
631 2098 734 2178 potes,
753 2095 902 2178 gratulor
919 2094 1029 2158 animo
1047 2099 1117 2159 tuo,

149 2180 205 2245 sed
236 2205 277 2246 ne
304 2183 424 2246 mirum
453 2183 583 2265 quidem
611 2187 675 2266 est,
705 2182 800 2266 quod
821 2187 858 2248 tu
885 2181 968 2246 ferre
994 2183 1115 2263 fortius

147 2271 249 2352 potes,
294 2270 438 2354 locuples
471 2293 515 2336 es.
561 2271 637 2357 quid
664 2272 796 2355 horum,
824 2291 904 2356 quae
933 2271 1115 2355 perdidisti,

148 2371 344 2444 magnopere
372 2359 556 2425 desideras?
589 2360 729 2444 domum,
757 2360 878 2444 opinor,
911 2356 1002 2442 (hinc
1026 2361 1116 2425 enim

95 2460 128 2510 25
147 2447 317 2534 incipiam)
349 2448 531 2532 perdidisti:
563 2449 676 2514 infelix
708 2470 775 2514 non
806 2447 942 2513 habebis
975 2453 1116 2534 tectum,

147 2536 232 2620 quod
253 2537 393 2603 subeas?
415 2538 451 2603 in
465 2538 594 2621 publico
614 2538 676 2602 tibi
695 2537 891 2602 manendum
910 2541 976 2619 est,
999 2542 1033 2602 et
1051 2539 1115 2604 sub

147 2625 259 2690 caelo?
277 2626 418 2692 fortasse
436 2627 534 2692 etiam
554 2626 751 2692 contulerint
768 2627 833 2690 ista
849 2625 1047 2692 detrimenta
1061 2626 1115 2691 de-

145 2713 229 2780 liciis
243 2716 323 2781 tuis:
341 2716 492 2782 novimus
508 2716 634 2781 animos
649 2719 785 2799 vestros,
804 2715 952 2779 novimus
969 2715 1115 2780 fastidia.

147 2802 175 2865 si
193 2824 261 2868 non
280 2809 366 2870 esset
380 2806 513 2870 incensa
532 2804 655 2888 domus,
674 2803 809 2868 subinde
824 2805 959 2886 diruere,
977 2803 1115 2869 subinde

94 2906 128 2954 30
149 2894 274 2955 mutare
307 2915 365 2958 vos
397 2894 490 2959 iuvat
517 2897 550 2958 et
577 2893 700 2977 aliquid
728 2892 853 2958 scilicet
883 2893 1116 2976 experimentis

217 3089 232 3136 2
252 3083 348 3137 hostes
367 3087 388 3135 B
408 3085 417 3153 ΙΙ
438 3083 612 3140 3111111111.
631 3085 705 3155 11117
724 3084 1044 3154 11111113-1117-8
1063 3086 1114 3143 lib.

145 3171 224 3210 meos
243 3154 413 3226 <coniugem
432 3153 503 3226 m.>:
522 3157 592 3225 puto
612 3161 658 3212 111.
670 3187 701 3196 -
719 3157 878 3226 pepercisse
898 3156 971 3227 [con.
991 3157 1042 3228 m.]
1062 3157 1116 3213 illa

57 3288 60 3295 Δ
144 3227 228 3280 modo
247 3232 295 3281 etc.
314 3227 373 3281 edd.
389 3226 424 3280 ab
438 3227 654 3296 Accodianollll
674 3227 748 3295 quod
767 3228 915 3282 afferamus
934 3228 1059 3297 pertinet
1076 3232 1099 3282 B

147 3301 180 3350 10
199 3296 352 3351 *incendit
370 3299 490 3368 1111111
510 3295 577 3352 illae
596 3314 645 3353 om.
665 3300 955 3369 211911111111121
975 3301 1099 3358 temer

144 3373 176 3420 21
196 3367 293 3436 potius
311 3374 376 3434 AB,
396 3386 464 3425 corr.
484 3369 532 3424 Ba
554 3370 564 3440 11
587 3374 620 3423 22
640 3369 690 3425 sed
708 3369 840 3425 nimirum
860 3374 882 3423 Δ
906 3374 914 3441 ΙΙ
938 3371 1032 3440 potius
1052 3374 1115 3442 AB,

130 3454 201 3494 corr.
221 3439 348 3512 81129
369 3451 403 3503 Ν
425 3448 448 3499 Δ
