2386 3816
150 150 214 214 318
515 147 746 215 QUINTILIANI

148 333 269 398 poenas
298 312 458 397 effugisse.
503 312 575 378 ideo
604 333 665 397 ego
692 311 777 377 hanc
806 311 908 378 vitam
932 311 1010 379 olim
1033 314 1113 379 invi-

149 423 219 467 sam
243 403 312 464 tam
336 400 491 484 distuli,
518 400 619 466 donec
642 400 729 466 filius
754 421 844 466 meus
868 405 1049 485 sanaretur,
1071 425 1113 468 ne

148 488 274 555 viderer
299 489 409 575 aliqua
432 489 630 556 conscientia
653 489 736 555 mori
759 490 851 556 velle.

215 577 300 643 Mori
331 578 416 644 volo.
465 578 550 643 nihil
582 600 634 649 me
666 578 867 644 commisisse
899 579 1111 646 manifestum

114 684 129 733 5
149 671 208 734 est.
241 671 274 732 et
297 668 363 732 iam
387 668 468 733 satis
491 667 652 733 rationem
674 666 786 732 videor
804 666 989 734 reddidisse.
1026 667 1113 734 Mori

148 757 222 823 volo
242 777 351 821 senex:
374 755 476 821 habet
496 778 570 821 suos
590 757 622 821 vi
638 779 657 821 a
676 755 849 822 terminos:
869 756 945 821 dum
965 758 1112 823 membra

149 844 324 929 sufficiunt,
346 845 421 909 dum
445 845 479 908 in
503 844 610 910 officio
633 844 719 911 vires
743 847 827 910 sunt.
864 849 1111 930 quotamquam-

149 956 209 1019 que
236 938 364 1018 partem
391 933 497 999 habeo
526 933 687 999 viventis?
729 954 801 999 cum
830 932 934 999 adhuc
957 934 1111 999 haberem

147 1045 296 1107 uxorem,
325 1022 535 1098 matrimonio
558 1021 683 1086 inutilis
707 1044 810 1103 eram3
838 1044 898 1087 nec
920 1023 1054 1104 mirum,
1083 1023 1112 1088 si

94 1129 127 1178 10
147 1133 242 1196 quem
266 1112 449 1197 concupivit
472 1110 645 1176 iuniorem:
671 1110 816 1177 occidere
840 1110 1024 1177 adulterum
1044 1133 1110 1177 non

147 1201 250 1285 potui.
280 1222 346 1266 non
369 1200 543 1266 miraretur
566 1221 617 1265 me
640 1200 724 1265 mori
747 1200 841 1284 velle,
865 1201 893 1265 si
916 1200 988 1285 quis
1012 1200 1110 1266 vidis-

148 1294 198 1354 set
229 1288 423 1374 fugientem:
453 1312 550 1374 quam
577 1289 668 1353 tarde
695 1287 771 1353 feci!
797 1288 1006 1355 felicissimus
1034 1289 1113 1355 fuis·

148 1398 225 1462 sem,
245 1377 272 1441 si
290 1399 341 1442 me
360 1379 503 1443 latrones
523 1376 724 1443 occidissent.
747 1375 882 1442 Accedit
899 1377 991 1462 illud,
1006 1378 1110 1443 filium

146 1466 265 1532 habeo:
294 1466 377 1531 mori
399 1467 488 1552 volo,
515 1466 592 1531 dum
617 1467 725 1532 salvus
750 1470 814 1551 est,
845 1465 921 1530 dum
944 1466 1040 1532 illum
1064 1487 1110 1532 re

94 1571 127 1621 15
146 1555 293 1639 linquere
326 1555 534 1639 superstitem
569 1575 710 1638 possum.
756 1576 858 1639 paene
885 1554 980 1621 illum
1007 1577 1112 1640 nuper

147 1643 249 1708 amisi.
284 1642 360 1727 quid
378 1643 523 1708 futurum
543 1646 622 1729 erat,
645 1644 673 1708 si
690 1665 757 1709 non
772 1644 953 1728 potuissem
972 1644 1110 1709 sanare?

144 1734 241 1813 bene,
265 1731 319 1816 dii,
343 1731 428 1817 quod
451 1733 521 1798 leve
545 1733 608 1797 fuit
632 1732 763 1798 vulnus!
811 1754 877 1798 non
901 1732 1026 1798 accidet
1048 1733 1111 1799 hoe

145 1821 226 1887 mihi
253 1822 379 1887 iterum.
435 1842 495 1907 ego
525 1822 605 1906 seio,
637 1821 673 1886 in
701 1821 818 1906 quibus
850 1821 1108 1908 cogitationibus

145 1910 271 1977 luerim.
304 1909 389 1976 siin
413 1911 517 1976 maius
541 1910 718 1995 periculum
740 1909 827 1975 filius
847 1931 937 1975 meus
957 1911 1110 1996 venisset,

93 2015 127 2064 20
145 2022 211 2064 non
235 2002 455 2082 expectassem
478 2021 546 2084 vos,
571 2002 609 2065 ut
631 1998 779 2083 perirem.
824 1999 969 2064 nondum
993 1999 1032 2065 de
1057 1998 1110 2064 ad-

144 2089 247 2152 versis
280 2088 409 2172 loquor:
440 2089 521 2153 haec
552 2088 626 2173 ipsa
657 2110 709 2153 me
742 2087 783 2152 ad
812 2091 951 2154 mortem
979 2088 1112 2168 ducunt,

146 2197 228 2259 quae
252 2197 290 2240 ex
314 2180 391 2241 voto
416 2176 634 2261 contigerunt.

211 2261 391 2329 Veniamus
419 2286 504 2329 nunc
528 2264 568 2329 ad
592 2265 751 2350 querelas.
796 2265 914 2330 Infelix
939 2287 1026 2333 sum:
1054 2287 1110 2352 pe-

144 2374 237 2439 regre
265 2352 427 2439 proficisci
465 2353 566 2418 volui:
599 2354 742 2419 latrones
775 2354 887 2440 incidi3
916 2353 1025 2420 vivere
1058 2376 1111 2421 me

92 2457 126 2507 25
145 2443 256 2508 miror.
306 2443 441 2508 accessit
468 2442 573 2508 dolor:
607 2466 626 2507 a
653 2443 722 2508 filio
750 2464 822 2508 meo
851 2442 999 2508 diductus
1028 2465 1111 2509 sum.

144 2553 210 2596 non
243 2553 360 2616 queror
392 2532 430 2596 de
462 2532 549 2615 ipso:
582 2531 687 2596 omnis
720 2530 802 2622 mihi
833 2532 917 2597 ratio
952 2531 1110 2598 adversus

144 2619 310 2685 fortunam
338 2623 396 2685 est.
450 2621 694 2685 intervenerunt
724 2619 883 2686 latrones:
917 2643 985 2686 non
1019 2621 1111 2686 stetit

144 2731 270 2774 mecum
294 2709 393 2794 filius,
421 2732 494 2775 cum
520 2731 580 2794 pro
603 2731 655 2774 me
677 2730 871 2795 pugnarem3
898 2707 962 2774 feci
986 2707 1111 2794 aliquid

144 2799 177 2860 et
208 2798 277 2880 ipse
310 2798 479 2863 scelerate:
516 2798 605 2862 solus
636 2818 785 2862 reversus
820 2820 904 2881 sum,
936 2801 1109 2883 tamquam

90 2900 123 2948 30
144 2885 259 2950 scirem
278 2885 379 2951 filium
400 2888 528 2953 salvum
548 2908 627 2952 esse.
649 2886 801 2952 Insecuta
817 2891 867 2952 est
881 2885 946 2953 alia
960 2887 1109 2954 fortuna:

143 2994 277 3038 uxorem
310 2974 489 3040 adulteram
517 2975 635 3042 inveni.
687 2975 764 3060 quid
797 2976 940 3040 accidere
973 2976 1108 3061 gravius

143 3062 220 3128 huic
244 3062 344 3127 aetati
366 3065 496 3146 potuit?
526 3065 615 3130 velut
638 3065 835 3149 exprobrare
859 3064 940 3128 mihi
962 3066 1036 3131 visa
1059 3068 1110 3130 est

214 3224 230 3274 8
249 3218 403 3275 iuventutis
421 3222 514 3290 Blt15
532 3238 646 3291 passum
665 3226 705 3275 Aa
717 3222 727 3291 ΙΙ
744 3228 775 3277 17
797 3221 907 3277 occidet
924 3222 968 3290 ΙΙΙ
988 3226 1021 3275 21
1043 3235 1109 3276 mea

142 3291 188 3360 All
201 3296 236 3346 24
254 3291 325 3365 <in>
343 3292 406 3347 latr.
426 3293 485 3347 edd.
500 3292 509 3361 l
523 3297 556 3347 25
576 3292 711 3348 deductus
731 3297 799 3347 Aa!
813 3296 821 3364 ΙΙ
836 3300 870 3349 ‘26
888 3292 1021 3366 <o>ratic
1040 3292 1109 3362 But!

140 3367 176 3418 28
195 3362 265 3417 fecit
283 3367 334 3416 ΑΒ
352 3365 363 3434 l
383 3369 418 3418 30
437 3363 534 3418 scirem
554 3368 607 3432 Aa,
626 3365 724 3420 scirem
745 3365 813 3420 item
831 3369 852 3418 B
867 3367 876 3434 ΙΙ
890 3370 922 3419 31
943 3367 975 3419 ut
994 3382 1040 3418 ux.
1061 3362 1109 3418 ad.

130 3431 288 3491 ’‘”venr'rem
307 3438 403 3509 Ρ1132
423 3437 581 3510 exprobare
597 3440 620 3490 B
