2386 3816
135 159 202 225 344
501 156 732 224 QUINTILIANI

136 327 169 388 et
192 322 276 387 alius
295 321 434 386 fortasse
453 324 582 386 tantum
601 319 808 403 usurpaverit
825 319 1022 402 libertatem,
1045 318 1102 383 hic

135 415 168 475 et
192 410 392 495 adprobavit.
438 409 578 494 quibus?
618 407 813 493 publicanis:
836 407 1023 472 hominibus
1049 405 1103 489 (ut

134 499 325 584 parcissime
349 498 467 583 dicam)
490 497 759 582 diligentissimis.
789 497 824 560 in
848 517 976 561 summa
998 495 1100 561 velim

135 587 304 653 ostendere
326 590 434 653 totum
452 591 543 652 tunm
564 587 768 652 comitatum:
792 585 864 669 quis
882 585 1017 650 habitus
1037 606 1103 649 ser-

100 693 115 744 t
135 696 249 741 vorum
272 675 360 742 fuit?

203 765 298 848 „Ego
321 769 445 843 tamen,
472 763 594 848 inquit,
621 783 688 828 non
710 784 750 827 ea
773 763 940 827 voluntate
963 761 1041 844 feci,
1064 764 1104 825 ut

135 853 189 918 hic
216 854 301 918 liber
327 856 426 936 esset,
454 852 511 916 sed
538 874 590 936 ea,
622 856 659 918 nt
685 851 816 937 publica
838 872 905 915 non
929 848 1100 915 solveret.“

138 940 274 1026 Saepius
298 941 410 1006 eadam
435 941 569 1006 dicenda
593 944 670 1006 sunt
695 975 734 987 -
760 940 860 1004 etiam
883 939 1102 1023 gratulamur,

137 1029 166 1095 si
188 1030 293 1095 invito
316 1034 349 1095 te
368 1030 452 1095 liber
471 1033 532 1113 est,
549 1052 602 1093 -ε
625 1029 764 1094 liberum
785 1049 855 1093 esse
874 1028 1020 1111 noluisti,
1044 1026 1101 1092 sed

83 1136 117 1186 10
136 1118 171 1184 in
194 1119 347 1184 libertate
371 1140 442 1184 asse
463 1119 606 1184 voluisti.
638 1118 720 1183 nihil
742 1118 889 1199 interest,
914 1138 978 1200 qua
1001 1137 1102 1181 causa

137 1206 200 1273 hoc
223 1208 353 1273 feceris:
374 1208 408 1273 id
432 1211 499 1292 cst,
522 1206 573 1293 (ut
595 1207 729 1293 propius
752 1206 793 1270 ad
816 1205 917 1270 verba
940 1204 1023 1290 legis
1048 1226 1099 1269 ac-

137 1293 262 1381 cedam)
290 1296 373 1360 nihil
400 1296 549 1381 interest,
577 1319 640 1381 qua
668 1317 766 1361 causa
794 1295 828 1358 in
851 1293 1004 1358 libertate
1028 1315 1100 1358 esse

137 1405 210 1448 eum
233 1384 384 1450 volueris.
415 1384 538 1450 Verum
561 1384 626 1449 ista
649 1406 761 1467 causa,
784 1405 881 1468 quam
905 1381 1103 1466 praetendis,

137 1470 236 1555 digna
264 1493 370 1558 poena
399 1477 457 1538 est.
504 1472 765 1538 circumscribere
789 1471 963 1556 vectigalia
985 1470 1101 1555 populi

85 1579 118 1629 15
137 1559 278 1625 Romani
296 1561 438 1627 voluisti.
470 1562 575 1646 specie
594 1561 790 1646 praetextati
809 1560 975 1644 imponere
994 1559 1102 1643 publi-

138 1670 219 1714 cano
242 1648 386 1716 voluisti.
417 1650 629 1734 postmodum
652 1650 768 1735 dicam,
792 1652 949 1734 quantum
971 1648 1102 1713 intersit

136 1736 232 1803 huius
250 1739 355 1823 pueri:
379 1738 512 1804 interim
527 1739 642 1823 dicam,
659 1742 717 1804 tua
737 1737 813 1824 quid
831 1736 990 1802 interest?
1015 1735 1102 1822 quod

135 1827 292 1913 petieras,
313 1849 382 1892 non
405 1827 544 1914 contigit
565 1826 650 1892 tibi?
677 1849 745 1893 non
767 1825 938 1892 fefellisti?

535 2022 707 2090 SERMO.

84 2165 120 2213 ao
205 2146 296 2211 Haec
319 2147 406 2212 circa
428 2149 489 2231 ius,
511 2149 571 2213 illa
593 2149 660 2214 iam
682 2148 767 2213 circa
790 2148 996 2232 aequitatem.

452 2357 787 2426 nnoLAMArlo.

204 2483 293 2561 Quae
320 2505 475 2567 passurus
506 2486 556 2548 est
582 2482 635 2548 hic
663 2505 745 2569 puer
771 2484 902 2550 domino
930 2484 1100 2551 redditus?

137 2573 207 2639 sine
230 2572 327 2637 dubio
352 2571 521 2655 <ultima>.
545 2572 695 2638 novimus
718 2573 817 2638 istam
840 2574 1099 2658 negotiationem

136 2664 171 2726 et
198 2660 464 2746 frequentissima
492 2661 528 2725 in
556 2659 628 2726 foro
656 2661 801 2727 ridemus
830 2663 950 2728 iudicia
979 2662 1100 2727 talium

85 2764 120 2814 25
138 2749 339 2814 iniuriarum.
375 2749 516 2814 fortasse
535 2749 635 2814 etiam
653 2753 749 2815 natus
770 2755 821 2815 est
837 2752 1011 2834 ingenuus3
1034 2751 1100 2816 for·

137 2840 224 2901 tasse
255 2843 351 2921 rapto
384 2859 423 2902 ex
455 2837 565 2923 aliquo
600 2838 695 2903 litore
729 2843 932 2923 praetextam
966 2839 1101 2904 fortuna

136 2924 285 2990 reddidit.
319 2924 400 2990 illud
424 2930 619 3012 esttamen,
643 2927 729 3011 quod
750 2949 811 2993 nos
836 2929 939 3013 magis
964 2929 1099 2994 confun-

207 3158 223 3208 2
243 3150 321 3207 cuius
339 3156 360 3204 B
378 3152 388 3221 ΙΙ
410 3159 427 3206 4
447 3152 557 3208 ostendi
574 3154 629 3210 Set
650 3157 660 3224 ll
679 3161 694 3208 ‘1
714 3170 747 3208 ea
765 3171 815 3212 om.
835 3157 910 3226 3118
929 3155 987 3211 sint
1003 3159 1024 3208 B
1039 3159 1049 3226 ΙΙ
1063 3163 1099 3211 14

136 3228 205 3278 -15
229 3223 381 3295 vectigalia
403 3224 441 3293 ff
455 3223 571 3279 voluisti
594 3227 639 3295 ΔΙΙ
654 3230 687 3280 15
710 3227 886 3295 praetextate
904 3229 958 3292 Ab,
985 3230 1098 3296 praete-

136 3295 209 3351 elate
226 3298 247 3346 B
262 3296 271 3365 ΙΙ
284 3294 435 3364 publicana
451 3299 485 3364 B,
514 3295 672 3364 publicanis
690 3302 710 3349 P
727 3297 737 3365 l
757 3303 789 3351 17
808 3297 878 3351 *tua
897 3296 990 3370 [quid]
1008 3297 1098 3354 inter-

135 3367 179 3420 est
197 3363 234 3434 (2)
246 3368 259 3434 ll
272 3372 305 3420 23
325 3364 466 3442 (ultima)
484 3367 529 3422 Ro
551 3368 561 3436 ΙΙ
582 3367 751 3423 novissimus
768 3370 862 3438 31124
881 3367 990 3424 iudicat
1007 3370 1096 3424 alium

118 3436 252 3508 ssllw
268 3454 354 3496 amen
372 3441 422 3514 ΔΙΙ
434 3458 487 3499 nos
507 3457 558 3500 om.
577 3443 599 3495 B
