2386 3816
108 127 174 192 200
474 124 704 191 QUINTILIANI

106 295 218 355 tamen
231 290 380 355 iuvenem
394 289 467 375 pari
482 290 631 374 captione
646 290 806 356 ludemus.
828 288 968 375 fecisset
982 288 1082 354 fecis·

109 382 159 444 set
181 379 244 444 hoc
267 382 376 444 astuta
399 379 525 464 mulier,
551 401 633 445 anus
655 377 881 459 inverecunda,
902 383 941 444 ut
962 378 1081 444 iuveni

108 468 234 533 curioso
258 468 388 533 offerret
411 467 495 534 hanc
517 468 652 554 fatigati
678 468 824 551 corporis
842 471 981 551 partem.
1007 471 1082 534 erat·

109 556 240 642 dignus,
269 557 324 641 qui
354 556 430 622 dum
461 557 596 622 alterius
619 557 854 642 patrimonium
876 557 974 642 petit,
1004 579 1078 642 per·

73 662 89 713 5
108 646 199 711 deret
222 646 323 711 etiam
345 645 525 731 praemium
549 644 672 711 suum.''
686 647 741 712 sed
765 645 882 711 mulier
901 646 1081 731 simplicis-

108 736 200 820 sima,
223 734 266 820 (si
289 735 366 819 quid
389 735 521 800 mentiri
543 739 655 819 posset
678 736 734 817 [si]
755 755 822 800 non
846 757 884 801 ex
907 729 1077 820 osuisset)

107 825 218 908 palam
252 845 285 890 so
313 823 402 889 nolle
434 825 614 908 profitetur.
659 824 729 910 hoc*
752 824 871 910 pudori
935 825 981 891 tis
1010 830 1078 891 est:

108 913 136 978 si
167 912 245 998 quid
272 912 448 998 inmeritis,
476 913 571 998 culpa
598 912 785 998 cogentium
813 917 871 979 est
916 913 995 999 quid
1025 915 1077 980 in-

108 1003 207 1068 terim
229 1001 361 1086 proficit
386 1002 573 1068 adulescens
592 1001 670 1068 ille?
693 1025 769 1068 nam
790 1003 819 1068 si
838 1002 1079 1087 praeiudicium

55 1096 173 1176 coest,
202 1091 288 1176 quod
314 1091 395 1158 haec
422 1094 564 1158 recusat:
595 1095 629 1156 et
655 1091 740 1158 illud
767 1093 812 1158 sit
833 1096 1080 1179 argumentum,

108 1181 195 1266 quod
221 1181 274 1247 hic
302 1184 404 1267 optat.
449 1181 539 1247 ouius
571 1180 701 1266 quidem
728 1181 845 1268 pudori
866 1173 1004 1267 propter
1028 1205 1080 1248 re·

106 1271 213 1335 centia
231 1270 348 1336 merita
367 1271 462 1356 cupio
481 1271 676 1336 consultum.
714 1289 836 1356 magna
853 1274 966 1336 tamen
983 1273 1077 1356 cupi·

106 1358 220 1424 ditatis
252 1359 376 1424 invidia
406 1359 558 1444 inquinat
588 1359 732 1443 laudem,
765 1360 794 1425 si
826 1381 899 1426 cum
926 1359 1078 1426 alienum

104 1447 338 1533 patrimonium
366 1451 469 1532 petat,
500 1470 567 1514 non
592 1451 689 1533 putat
716 1471 775 1515 sua
798 1449 933 1535 referre,
960 1453 1076 1515 utrum

52 1552 87 1602 15
105 1535 320 1602 hereditatem
343 1534 425 1602 illud
447 1536 553 1623 faciat,
577 1560 620 1604 an
643 1537 763 1605 dotem.

9 1627 10 1631 ’
172 1624 263 1691 Haec
287 1625 416 1710 quidem
438 1627 545 1692 minus
565 1627 707 1693 sollicita
724 1627 788 1693 fuit
806 1626 916 1712 priore
934 1627 1075 1714 iudici03

104 1718 182 1780 tunc
202 1714 287 1779 enim
306 1714 410 1799 pudor
430 1716 553 1781 salvus:
575 1737 662 1781 nunc
679 1719 768 1781 totos
786 1736 917 1781 necesse
932 1721 983 1782 est
997 1739 1076 1802 pro·

104 1804 190 1870 ferre
209 1804 360 1887 gemitus.
384 1805 516 1890 asemel,
534 1806 648 1891 inquit,
667 1804 841 1870 infeliciter
853 1805 960 1891 nupsi.
983 1828 1075 1890 pere

105 1894 299 1979 grinabatur
312 1895 464 1981 maritus3
479 1895 556 1960 illuc
570 1895 663 1977 ierat,
676 1894 761 1960 unde
770 1915 837 1959 non
848 1896 898 1959 est
906 1913 1073 1963 reversus:

52 1999 86 2049 2ο
105 1987 217 2048 tamen
235 1984 354 2049 misera
373 1984 506 2068 concepi
525 1986 567 2068 et,
590 1986 749 2069 quantum
767 1985 878 2050 uterus
895 1986 1074 2070 crescebat,

104 2074 234 2136 tantum
253 2071 448 2138 accedebant
463 2073 626 2158 exequiae.
654 2075 873 2140 convenerunt
889 2071 930 2137 ad
944 2075 1074 2159 parien-

82 2163 172 2224 ¹tem
200 2161 407 2226 consolantes
435 2162 618 2248 propinqui.
662 2162 744 2228 haec
771 2184 870 2248 passa
902 2184 975 2227 sum
998 2187 1073 2231 sua·

106 2270 178 2314 sore
202 2251 331 2334 marito,
354 2251 411 2334 qui
433 2272 484 2316 me
507 2250 587 2318 fecit
609 2251 769 2318 heredem.
806 2251 879 2335 quis
902 2255 1015 2337 potest
1033 2254 1073 2319 il-

105 2337 173 2403 lum
202 2338 287 2404 diem
312 2339 432 2405 referre
455 2340 525 2406 sine
547 2339 715 2406 lacrimis?
745 2341 855 2407 virum
877 2339 975 2408 funus
999 2362 1071 2428 gre

51 2443 85 2493 25
104 2429 170 2493 mio
198 2429 275 2513 tuli3
308 2451 406 2515 quam
430 2451 535 2517 paene
559 2429 720 2516 expiravit
742 2429 778 2494 in
800 2429 951 2496 manibus
974 2433 1071 2498 meis!

105 2516 221 2583 deinde
244 2519 342 2602 periit
364 2519 435 2605 ille,
466 2519 523 2604 qui
545 2520 699 2585 iusserat:
728 2540 827 2603 quarn
849 2541 952 2605 paene
975 2522 1070 2606 potui

103 2628 170 2672 non
198 2609 370 2692 exponeret
402 2608 479 2693 quid
502 2608 584 2674 mihi
607 2630 680 2674 cum
703 2608 765 2672 hac
789 2608 993 2675 hereditate?
1025 2612 1068 2676 ef·

104 2694 192 2780 fecit,
214 2700 252 2760 ut
278 2697 383 2762 filium
411 2697 517 2783 magis
546 2697 793 2764 desiderarem«
830 2697 931 2763 falsas
954 2702 1069 2784 putate

104 2805 210 2868 voces,
240 2786 269 2850 si
292 2790 409 2869 postea
431 2787 554 2873 nupsit
599 2787 657 2852 illc
680 2785 926 2852 desiderabatur
949 2787 1068 2854 infans.

48 2889 85 2941 3ο
107 2872 163 2956 sic,
186 2877 276 2958 puto,
299 2874 449 2942 effectum
473 2881 532 2962 est,
555 2879 591 2942 ut
614 2876 733 2961 aliquis
758 2898 791 2942 se
815 2877 918 2941 filium
939 2877 1066 2943 diceret.

103 2962 184 3028 haec
215 2963 344 3048 quidem
376 2964 487 3031 fabula
514 2965 626 3032 adlata
654 2969 718 3049 est,
749 2969 917 3050 tamquam
944 2969 1066 3032 temere

175 3145 189 3192 1
209 3138 356 3194 laudemus
375 3145 396 3192 Ρ
413 3140 423 3210 ΙΙ
440 3139 555 3196 fecisset
572 3156 622 3196 om.
642 3145 707 3195 AaB
726 3142 736 3211 ss
754 3146 770 3195 2
788 3139 987 3197 inverecondia
1004 3145 1045 3195 Aa
1058 3141 1068 3213 ll

102 3216 118 3265 5
138 3209 219 3280 simp.
239 3212 283 3266 set
301 3229 346 3281 qu.
366 3214 408 3263 Aa
426 3213 435 3282 ιΙ
454 3218 470 3267 6
490 3211 538 3296 [si]
560 3210 602 3267 Gr
619 3213 629 3282 ll
648 3217 664 3266 8
682 3211 809 3267 vixeritis
826 3214 871 3283 311
891 3218 923 3268 10
942 3217 1068 3268 recussat

101 3286 142 3336 Aa
155 3283 166 3352 ΙΙ
181 3287 214 3337 12
232 3283 328 3337 tamen
346 3298 397 3338 cm.
416 3286 437 3335 B
451 3285 460 3355 Ι]
476 3288 507 3338 19
528 3283 651 3339 mfeliter
669 3284 715 3352 ΑΙΙ
728 3281 955 3354 peregrinabitur
972 3288 996 3337 Δ
1010 3286 1019 3354 l
1033 3289 1066 3338 22

101 3355 145 3409 de
164 3352 308 3424 gravida
327 3353 530 3424 expositura
547 3359 571 3408 Δ
584 3358 593 3426 ΙΙ
607 3361 642 3410 24
660 3356 727 3425 post
745 3359 793 3408 ΑΒ
808 3358 817 3427 ΙΙ
831 3361 865 3412 26
885 3356 996 3426 expirat
1013 3356 1069 3428 ³⁸ll

100 3430 136 3481 29
155 3423 262 3481 *efficit
280 3428 329 3478 ΑΒ
341 3428 353 3498 fl
366 3431 402 3482 30
420 3426 445 3483 si
463 3427 525 3499 ipsa
543 3425 640 3498 nupsit
658 3432 678 3479 Ρ
