2386 3816
157 134 223 188 VIII
527 132 746 187 PRAEFATIO.

158 288 328 346 atramento
347 305 376 344 u.
397 283 537 344 Ceterum
557 284 648 343 etiarn
666 284 742 343 alias
761 288 955 363 correcturas,
974 292 1124 363 quatenus

158 385 197 444 ad
224 383 327 443 literae
351 383 520 460 singulares
547 382 713 460 pertinent,
735 383 825 442 facile
852 385 1047 444 concesserim
1077 387 1124 445 illi

159 481 319 542 recentiori
350 481 454 540 manui
486 480 597 540 deberi.
648 478 885 549 Quaternionum
918 485 949 541 et
981 482 1122 543 foliorum

158 597 302 638 numerus
326 579 434 655 plenus
457 577 586 639 videtur.
631 578 773 638 Fortasse
808 578 841 638 in
876 579 934 638 fine
968 578 1124 657 Calpurnii

157 676 258 734 Flacci
281 674 383 752 eliqua
413 675 644 754 interciderunt,
673 676 727 736 sed
750 674 928 745 Quintiliani
950 677 1048 752 prima
1071 679 1122 738 de-

159 774 299 833 clamatio
315 775 394 850 quod
407 773 516 833 manca
529 775 585 847 est,
602 791 726 833 numero
742 774 806 832 244
822 777 943 851 notate,
962 779 994 835 et
1006 775 1123 852 priores

161 891 264 932 omnes
288 872 504 949 desiderantur,
527 871 566 931 ad
585 871 783 947 archetypum
800 871 912 930 librum
931 873 1122 933 referendum

158 974 213 1032 est.
244 967 329 1041 Quod
349 971 436 1031 docet
453 969 636 1046 subscriptio
654 968 708 1027 illa
726 969 837 1041 „habet
851 962 1047 1048 (archetypus
1067 966 1122 1052 sc.)

159 1068 313 1144 hucusque
332 1068 548 1130 controversias
567 1084 691 1126 numero
709 1065 859 1128 OXLIIIJ‘
882 1067 968 1128 Idem
986 1087 1022 1128 ex
1039 1069 1121 1144 prio·

157 1186 225 1225 rum
257 1167 437 1243 paginarum
473 1165 643 1226 condicione
677 1166 778 1241 potest
810 1166 920 1242 colligi.
975 1166 1122 1243 Pleraque

160 1265 238 1324 enim
266 1264 379 1324 habent
400 1282 461 1322 non
487 1263 641 1338 continua,
670 1263 722 1322 sed
749 1264 910 1324 verborum
938 1282 973 1324 ac
1000 1269 1121 1324 senten·

158 1362 272 1420 tiarum
290 1361 462 1438 fragmenta
480 1363 608 1439 tantum,
631 1359 711 1418 inter
733 1377 810 1435 quae
829 1359 866 1418 de
884 1360 1008 1420 consilio
1026 1380 1123 1422 vacua

160 1459 267 1517 relicta
299 1461 370 1519 sunt
397 1457 508 1534 spatia,
535 1457 654 1533 punctis
682 1455 822 1516 distenta.
868 1457 1005 1533 Apparet
1029 1459 1061 1517 in
1087 1478 1122 1519 eo

159 1554 336 1632 exemplari,
360 1573 396 1614 ex
418 1573 477 1630 quo
499 1553 586 1612 fluxit
609 1553 700 1613 codex
717 1553 755 1628 A,
778 1554 895 1631 aliquot
912 1555 1039 1632 paginas
1058 1576 1122 1616 cor-

160 1655 265 1727 ruptas
285 1655 375 1729 atque
394 1670 529 1713 corrosas
547 1651 648 1709 fuisse.
679 1650 784 1728 Neque
802 1655 904 1711 tamen
922 1646 1050 1713 interius
1070 1674 1121 1730 pe·

158 1753 292 1810 netrasse
324 1752 422 1812 tineas
457 1749 692 1810 existimaverim
723 1750 884 1828 pluraque,
921 1771 1012 1828 quam
1045 1772 1122 1828 quae

157 1849 311 1928 habemus,
334 1850 408 1909 adeo
432 1849 575 1908 mutilata
596 1846 629 1904 in
652 1847 815 1926 archetypo
835 1849 995 1927 exstitisse,
1016 1870 1122 1929 neque,

157 1951 193 2007 ut
217 1948 396 2024 exstiterint,
419 1947 497 2006 illud
520 1946 658 2005 futurum
681 1945 786 2022 fuisse,
813 1949 850 2005 ut
876 1947 909 2005 in
934 1947 1029 2006 alium
1051 1947 1121 2007 inde

158 2044 271 2104 librum
295 2065 313 2104 a
335 2045 459 2104 librario
483 2042 764 2103 transcriberentur.
807 2041 958 2121 Ceterum,
981 2048 1017 2107 ut
1040 2049 1123 2105 recte

159 2143 205 2201 ait
222 2143 396 2217 Bursianus,
414 2141 512 2217 prima
530 2139 639 2200 codicis
657 2141 771 2217 pagina
788 2160 865 2217 quae
883 2141 1045 2202 finiebatur
1059 2144 1121 2204 illis

156 2259 264 2316 „asper
286 2241 432 2300 exactor.
452 2285 459 2300 .
479 2236 504 2299 .“
527 2230 572 2319 (4,
591 2229 626 2317 3)
648 2241 681 2296 et
706 2238 806 2298 ultimi
827 2238 894 2298 folii
916 2258 1028 2316 magna
1049 2260 1123 2317 pars

158 2337 247 2398 hodie
270 2338 375 2415 nequit
397 2336 467 2413 legi.
504 2337 672 2395 Plurimum
694 2338 898 2396 atramentum
920 2336 1042 2413 insuper
1064 2338 1121 2398 dif-

159 2434 261 2494 fusum
290 2438 321 2494 et
347 2435 472 2509 pulvere
500 2435 672 2494 concretum
699 2433 808 2494 calami
833 2435 950 2494 tractus
974 2435 1122 2497 delevisse

158 2524 321 2612 videtur.*)

226 2630 357 2690 Exstant
370 2634 473 2690 autem
486 2631 518 2690 in
527 2630 627 2691 codice
637 2631 758 2706 praeter
766 2629 860 2689 verba
870 2629 1121 2690 declamationum

157 2746 389 2805 sermonumque
407 2728 548 2789 continua
567 2730 598 2787 et
616 2726 716 2803 capita
734 2727 984 2787 declamatIonum
1003 2732 1035 2788 et
1053 2730 1121 2788 sub

157 2825 350 2901 scriptionem
372 2825 457 2885 illam
480 2824 586 2886 breves
605 2828 694 2885 notae
712 2843 774 2885 nou
790 2843 912 2904 paucae,
935 2825 967 2884 in
985 2830 1122 2906 margine

156 2914 320 3000 (exteriore
342 2915 534 3003 praesertim)
559 2922 729 2999 adscriptae
752 2920 871 2999 generis
895 2922 980 2984 varii.
1022 2924 1120 2985 Perti-

157 3021 232 3078 nent
256 3019 335 3079 enim
358 3019 435 3080 aliae
458 3020 582 3096 adres,
606 3019 683 3080 aliae
707 3020 746 3078 ad
771 3020 876 3097 verba,
899 3015 978 3080 aliae
1000 3021 1039 3080 ad
1062 3022 1120 3082 dis·

158 3116 338 3191 positionem
369 3119 546 3178 oratoriam:
583 3116 645 3177 illis
677 3118 780 3177 lumen
811 3118 934 3195 aliquod
966 3121 1120 3196 orationis,

158 3214 367 3289 translatoris,
400 3233 490 3292 quem
507 3215 632 3276 -Seneea
654 3207 686 3299 (I
704 3236 748 3292 pr.
769 3208 825 3296 23)
854 3216 939 3293 dicit,
970 3218 1120 3278 sententia

226 3366 252 3436 *)
271 3367 356 3438 Legit
374 3369 403 3421 et
421 3366 570 3438 descripsit
587 3369 707 3438 primam
726 3367 861 3439 paginam
876 3367 1009 3424 Pithoeus
1024 3369 1053 3423 in
1068 3386 1119 3425 sua

149 3437 281 3523 editione
297 3439 343 3507 (cl.
359 3456 390 3508 p.
407 3437 506 3510 XXII).
