2386 3816
355 120 675 181 nncnsnsrlouns.
695 124 838 184 COLXVI.
1036 127 1079 195 87

512 335 686 407 snRMO.

183 479 247 549 His
275 481 424 547 excussis.
444 482 689 565 quaestionibus
717 485 883 550 veniemus
907 485 948 551 ad
971 487 1078 572 aequi-

108 573 230 639 tatem.
270 568 422 637 Dicemus
445 570 508 636 hoe
533 593 604 637 esse
627 594 688 656 pro
711 573 821 658 nobis,
850 573 993 641 dicemus
1016 576 1078 642 hou

107 680 188 727 esse
210 679 275 744 pro
293 681 329 726 re
350 659 490 744 publica.

436 870 769 941 DECLAMATIO.
1099 895 1115 944 5

187 1014 283 1101 Opto,
305 1019 344 1081 ut
366 1037 500 1082 eausam
521 1015 639 1082 iterum
663 1017 777 1082 dicam.
822 1039 883 1083 neo
905 1041 956 1083 me
980 1019 1079 1104 fallit,

111 1127 217 1192 quam
237 1105 344 1172 multa
363 1108 580 1189 praeteream,
612 1127 694 1190 quae
722 1106 805 1170 mihi
827 1107 904 1192 lege
925 1129 1079 1175 concessa

111 1195 192 1262 sint
221 1194 280 1260 sed
295 1193 368 1278 quis
386 1193 520 1260 tandem
539 1215 591 1259 me
614 1194 830 1279 innocentem,
854 1196 926 1280 quis
944 1197 1079 1281 dignum

110 1283 364 1351 conversatione
380 1287 491 1350 vestra
512 1286 653 1368 putaret,
677 1283 815 1350 sialiud
833 1287 1003 1369 optarem?
1027 1290 1078 1353 est

111 1394 176 1459 pro
204 1394 265 1439 me.
309 1394 378 1438 non
404 1373 492 1448 enim
518 1377 552 1438 et
581 1376 654 1439 tum
675 1372 749 1440 ideo
771 1377 902 1440 tentum
926 1374 1075 1442 defensus
1097 1390 1131 1440 10

113 1484 200 1546 sum,
221 1465 259 1528 ut
276 1462 311 1526 in
330 1461 464 1527 civitate
482 1483 693 1546 remanerem,
715 1466 752 1528 ut
770 1485 875 1530 essem
893 1464 1076 1531 vobiscum:

112 1551 171 1618 sed
194 1555 234 1617 ut
254 1551 428 1636 probarem
457 1572 509 1615 me
531 1551 754 1635 innocentem,
781 1553 865 1619 nihil
888 1558 1003 1620 eontra
1024 1577 1079 1638 pe·

112 1640 216 1707 triam
239 1662 346 1706 meam
370 1661 441 1705 esse
465 1640 625 1706 molitum.
662 1644 695 1705 et
717 1663 803 1708 nunc
825 1663 892 1708 non
916 1647 966 1708 est
989 1644 1079 1726 satis,

114 1731 145 1796 si
174 1729 256 1794 mihi
283 1728 470 1816 ignovistis,
503 1729 531 1795 si
557 1751 608 1794 me
637 1729 741 1795 civem
768 1735 916 1797 vestrum
944 1731 1079 1817 publica

114 1819 294 1885 necessitas
316 1817 404 1885 fecit.
436 1838 497 1903 ego
521 1839 597 1883 vero
623 1817 651 1883 si
670 1817 787 1884 merito
805 1818 978 1884 damnatus
998 1841 1080 1904 sum,
1099 1834 1133 1883 15

113 1909 145 1974 si
173 1906 252 1993 quid
282 1907 364 1992 tale,
396 1906 492 1991 quale
525 1908 639 1972 contra
666 1928 718 1971 me
746 1907 991 1990 pronuntiatum
1022 1911 1080 1993 est,

117 1997 198 2064 feei:
222 2019 289 2063 non
311 2000 387 2065 utor
409 1996 474 2070 isto
497 1996 662 2063 beneficio.

183 2084 260 2152 Non
285 2087 330 2152 sit
355 2107 416 2170 pro
444 2107 511 2170 me,
543 2084 599 2151 sed
627 2087 678 2151 est
699 2105 759 2170 pro
783 2083 925 2151 civitate.
977 2083 1080 2150 homi·

114 2175 194 2243 cidii
216 2175 404 2260 damnatus,
436 2174 565 2241 etiamsi
588 2174 707 2240 merito
731 2173 898 2260 exulabat,
931 2174 960 2239 si
989 2195 1081 2239 revo-

112 2269 209 2332 catus
239 2267 302 2348 est,
333 2267 444 2349 potest
473 2263 513 2330 de
543 2284 581 2328 eo
609 2263 686 2348 diei,
718 2263 822 2328 »satis
852 2263 941 2330 dedit
963 2284 1080 2347 poena·
1099 2278 1136 2328 1ο

115 2375 225 2440 rume3
257 2353 324 2419 alia
351 2353 474 2418 scelera
500 2352 598 2417 finem
626 2352 861 2437 suppliciorum
883 2353 1080 2435 acceperint:

114 2466 176 2510 vos
216 2442 417 2528 proditorem
458 2441 494 2507 in
534 2441 667 2515 civitate
708 2441 822 2508 sinetis
863 2440 961 2505 esse?
1008 2462 1082 2505 oum

115 2532 240 2599 totiens
263 2531 352 2597 bella
369 2530 590 2596 interveniant
608 2529 689 2617 (non
707 2530 779 2596 dieo
799 2530 838 2594 de
857 2531 1002 2595 extremo
1021 2528 1080 2594 illo

116 2621 317 2688 discrimine:
353 2619 441 2687 tanti
467 2640 530 2686 ewa
554 2623 604 2685 est
626 2624 732 2686 metus
755 2617 972 2705 cuiusquam),
1008 2621 1081 2684 toto

115 2711 227 2778 animo
251 2709 406 2776 adversus
428 2708 559 2775 hostem
581 2708 658 2793 nisi,
685 2730 751 2774 non
774 2706 977 2792 respicietis?
1014 2729 1081 2773 non
1099 2721 1135 2783 25

117 2798 746 2973 θῖραὸνθῗίεῗοῗῗῑίαῗέξίἕὲἳιίἶίθ1111113ξὲξῖ
770 2890 826 2952 aut
846 2885 1002 2971 quidest,
1025 2907 1082 2950 eur

193 3070 208 3120 'l
227 3065 340 3135 praeter
359 3081 392 3119 ee
410 3061 537 3134 Pumihi
554 3078 605 3118 om.
625 3068 643 3114 ο
661 3063 670 3131 ΙΙ
686 3067 719 3116 10
733 3066 800 3132 post
815 3078 866 3132 pre
884 3077 931 3116 me
948 3065 1023 3116 6-8
1036 3060 1083 3125 lit

115 3142 239 3193 terarum
256 3137 378 3207 molium
395 3151 512 3194 vacuom
529 3135 562 3189 iu
580 3140 600 3186 θ
616 3136 625 3204 ll
647 3140 678 3188 12
702 3134 735 3188 ut
753 3134 907 3203 approbem
924 3137 959 3201 ll,
978 3134 1016 3186 ut
1029 3149 1078 3202 ap·

119 3209 271 3279 probarem
289 3209 329 3277 ⁰l
344 3212 377 3262 18
396 3222 453 3260 non
471 3205 574 3274 01111)Ιί
590 3211 623 3259 14
642 3204 666 3259 si
685 3205 790 3276 (peteo)
809 3220 860 3261 ona
878 3205 971 3274 111115
989 3219 1083 3259 neces·

119 3281 207 3336 sitate
225 3281 336 3350 &1118
355 3279 407 3333 est·
417 3281 497 3346 Allo,
516 3293 586 3333 corr.
600 3277 656 3331 Seli
668 3277 677 3346 ll
691 3277 740 3331 sed
757 3292 808 3346 pro
828 3275 880 3332 civ.
894 3279 915 3328 B
929 3275 938 3346 l
953 3281 986 3328 21
1007 3290 1084 3330 scere

118 3355 163 3405 Aa
183 3353 193 3422 ΙΙ
215 3349 378 3406 attentius
397 3353 440 3404 est
458 3349 548 3404 metus
567 3346 716 3417 quisquam
735 3351 772 3415 Δ,
796 3346 871 3403 tanti
888 3346 963 3400 inest
980 3363 1017 3401 m.
1037 3363 1083 3415 qu.

119 3427 154 3490 Β,
174 3438 242 3478 cora.
262 3421 377 3490 301125
396 3420 495 3476 advers
513 3424 544 3487 Δ,
564 3418 660 3474 adieri
679 3419 721 3489 ⁰l
733 3418 788 3473 nisi
805 3434 856 3474 om.
874 3422 918 3470 lle
