2386 3816
88 116 153 180 216
455 112 685 180 QUINTILIANI

23 287 24 290 ’
88 282 138 344 est
159 278 222 344 hoc
246 281 365 361 tamen,
388 298 485 361 quam
509 276 594 361 quod
617 275 720 362 rapui.
753 275 916 361 Intellego
933 277 1060 357 autem,

87 367 218 449 iudices,
241 366 326 431 hano
349 367 489 450 primum
512 365 594 430 mihi
616 365 652 429 in
669 364 732 430 hac
751 387 850 431 causa
865 363 1059 430 habendam

89 478 159 520 esse
182 455 358 540 rationem,
380 476 421 520 ne
445 477 506 539 me,
530 454 615 540 quod
637 453 771 539 negavi,
793 454 910 519 fecisse
935 453 1060 519 callide

88 566 125 609 ac
149 543 293 628 maligne
317 543 520 609 existimetis.
566 543 670 628 scitis,
701 565 799 629 quam
822 544 928 608 multa
951 542 1062 608 faciat

50 649 192 718 terror,
221 655 318 718 quam
341 633 447 698 multa
469 633 665 717 permisceat
687 631 833 717 fortuna,
863 652 938 697 eum
963 654 1062 718 prae·

88 722 201 788 sertim
234 721 449 806 (accesserit)
485 721 525 787 ad
554 721 636 787 haec
662 724 696 785 et
728 720 909 786 obscuritas
943 722 1057 786 noctis

87 814 121 877 et
140 812 274 895 paulum
296 812 430 877 liberior
452 831 528 877 uses
552 810 642 875 meri.
679 810 752 895 quis
776 809 861 874 enim
885 809 985 875 aliter
1008 812 1061 876 vi·

85 900 187 966 tiator
215 900 287 966 est?
325 901 527 986 ignorantem
548 899 629 964 haec
650 920 718 983 me,
735 897 887 982 a<n>tea
908 898 1002 984 frugi
1022 905 1061 966 et

87 989 302 1073 innocentem,
326 988 406 1075 (non
430 994 480 1056 est
504 989 653 1055 dubitare
675 988 742 1052 iam
759 985 825 1074 fas)
848 986 1060 1053 fefellerunt:

7 1156 9 1164 Ι
36 1095 70 1144 10
88 1079 136 1143 ita
166 1079 311 1144 vixeram
336 1101 476 1164 semper,
503 1078 551 1143 ite
574 1077 736 1144 custodire
758 1076 938 1161 probitatis
962 1099 1061 1143 meae

90 1168 254 1250 cupieram
272 1167 409 1252 famam,
435 1171 473 1232 ut
496 1188 547 1232 me
570 1187 724 1252 peccasse
745 1166 892 1231 mirarer.
938 1165 1057 1252 itaque

89 1253 273 1341 (confiteor)
301 1259 407 1322 actum
436 1256 475 1321 de
498 1278 550 1321 me
574 1259 659 1340 erat,
687 1255 716 1321 si
738 1255 774 1320 in
797 1254 897 1320 aliam
920 1255 1058 1321 incidis·

88 1366 166 1409 sem.
211 1367 288 1410 nam
312 1343 363 1431 (ut
386 1343 467 1432 dixi)
492 1365 597 1430 neque
620 1344 662 1409 ad
685 1365 791 1429 genua
812 1343 1056 1429 procubueram

86 1455 191 1519 neque
223 1435 423 1519 propinquos
456 1436 513 1499 aut
545 1432 667 1500 amicos
700 1432 943 1499 advocaveram.
995 1433 1057 1499 sed

34 1537 67 1587 15
86 1522 190 1587 movit
216 1524 361 1607 puellam
389 1523 496 1607 ipsum
522 1519 573 1608 (ut
595 1520 704 1605 credo)
728 1521 935 1607 ignorantiae
959 1543 1058 1588 meae

87 1611 280 1695 periculum3
303 1614 509 1696 persuaserat
533 1612 607 1696 sibi,
628 1611 712 1676 nihil
734 1632 787 1676 me
809 1610 926 1677 fecisse
950 1613 1055 1677 tems-

87 1808 234 1873 negasse,
260 1811 298 1853 cx
316 1789 378 1854 hoc
396 1789 469 1873 ipso
489 1809 646 1874 apparere
663 1788 758 1855 vobis
777 1791 901 1872 potest:
923 1791 1058 1876 negavi,

87 1881 262 1962 postquam
300 1878 366 1943 ista
401 1877 534 1962 nuptias
573 1877 709 1963 optavit.
762 1877 886 1963 gratias
920 1898 984 1965 ago
1020 1884 1059 1945 et

36 1980 71 2030 20
90 1966 264 2032 iudicibus:
298 1966 551 2033 emendaverunt
578 1966 800 2032 contumaciae
827 1988 919 2032 meae
953 1967 1057 2033 detri-

89 2059 249 2120 mentum:
282 2055 454 2121 amiseram
485 2055 613 2142 puellae
646 2055 791 2140 optimae
818 2055 1058 2142 condicionem,

88 2142 117 2206 si
139 2142 298 2208 vicissem.
336 2163 424 2230 ergo,
447 2145 533 2229 quod
557 2147 712 2230 superest,
735 2144 947 2230 gratulemur.

153 2229 207 2297 Ius
232 2254 301 2297 esse
326 2237 440 2318 raptae
462 2234 597 2320 optandi
615 2233 769 2300 adversus
788 2239 965 2320 raptorem,
988 2233 1056 2301 hoc

86 2320 152 2385 ism
165 2342 232 2387 non
245 2342 420 2407 negamus:
440 2322 496 2389 sed
514 2323 596 2389 illud
615 2345 742 2408 quoque
761 2345 861 2408 aeque
875 2324 1054 2390 conveniat
1096 2336 1100 2341 '

31 2423 66 2473 25
84 2430 217 2476 necesse
241 2415 299 2495 est,
322 2412 372 2477 bis
396 2410 551 2478 adversus
575 2412 712 2478 eundem
730 2416 896 2498 raptorem
915 2415 1054 2498 optandi

83 2521 150 2564 non
179 2522 250 2567 esse
279 2501 339 2567 ius.
381 2504 414 2568 et
441 2502 470 2568 si
496 2502 559 2568 hoc
589 2503 625 2567 in
652 2499 799 2567 confesso
830 2501 939 2587 fuerit,
966 2503 1051 2569 illud

84 2609 211 2674 quoque
235 2593 413 2676 teneamus,
436 2594 568 2677 optasse
590 2592 658 2657 iam
680 2590 834 2677 puellum.

154 2804 170 2852 2
189 2796 325 2854 iudicium
344 2803 367 2851 Δ
393 2801 403 2870 ΙΙ
429 2806 498 2855 4-6
518 2800 606 2856 faciat
623 2817 648 2856 o.
666 2819 694 2870 q.
713 2801 804 2855 multa
821 2804 912 2856 om.B
939 2800 949 2870 l
977 2806 1051 2857 t-6

86 2885 150 2923 cum
169 2886 210 2938 pr.
229 2869 356 2952 adlhaec
375 2873 404 2926 et
422 2875 486 2938 ΔΒ,
505 2888 528 2928 c.
547 2889 588 2942 pr.
608 2871 735 2928 adhaec
753 2869 1001 2996 {accessitflen
1025 2891 1051 2929 c.

83 2956 124 3008 pr.
146 2941 298 2994 accesserrt
317 2942 346 2995 et
364 2941 439 2997 obse.
459 2941 529 3012 Bell
544 2949 559 2997 ⁷
577 2942 664 3012 paulo
682 2943 727 3014 ΒΙΙ
740 2943 762 2997 li
783 2942 879 2998 en'oris
898 2947 959 3011 ΑΒ,
979 2959 1050 2999 corr.

81 3010 127 3066 Ro
146 3012 156 3081 ΙΙ
174 3011 248 3066 altor
264 3013 344 3136 3ὲὸ
363 3012 522 3083 ignorantia
541 3017 601 3082 ΑΒ,
619 3030 689 3069 cerr.
708 3015 752 3069 Ro
766 3014 776 3083 ΙΙ
788 3029 833 3067 me
852 3016 918 3069 atea
935 3018 967 3081 Δ,
986 3030 1053 3069 mea

82 3084 130 3137 tea
147 3087 178 3151 B,
198 3098 267 3138 corr.
315 3099 332 3138 o
349 3087 375 3138 ct
392 3083 455 3154 Rip
470 3090 503 3138 16
521 3084 709 3154 temporariae
727 3084 764 3154 (ἓ)
782 3085 898 3156 Roll18
916 3085 979 3154 ipso
998 3101 1049 3141 em.

81 3157 105 3205 Α
118 3155 128 3224 l
142 3158 177 3207 24
195 3153 246 3209 sed
264 3154 283 3207 i.
302 3171 414 3222 quoquo
436 3171 485 3209 om.
504 3155 549 3224 ΒΙΙ
562 3161 597 3211 26
616 3156 676 3210 eius
693 3160 723 3224 B,
742 3155 831 3211 eiius
849 3157 893 3226 ΡΙΙ
907 3156 1048 3212 confessio

83 3229 124 3277 Ab
137 3226 148 3294 l
161 3230 267 3280 26-27
286 3227 432 3279 teneamus
451 3227 500 3280 sod
518 3226 589 3280 illud
608 3244 720 3296 quoque
739 3232 822 3298 op.B

665 3337 678 3369 ἱ
