<?xml version="1.0" encoding="UTF-8"?>
<!DOCTYPE html PUBLIC "-//W3C//DTD XHTML 1.0 Transitional//EN"
    "http://www.w3.org/TR/xhtml1/DTD/xhtml1-transitional.dtd">
<html xmlns="http://www.w3.org/1999/xhtml" xml:lang="en" lang="en">
 <head>
  <title>
</title>
<meta http-equiv="Content-Type" content="text/html;charset=utf-8" />
  <meta name='ocr-system' content='tesseract 3.04.00' />
  <meta name='ocr-capabilities' content='ocr_page ocr_carea ocr_par ocr_line ocrx_word'/>
</head>
<body>
  <div class='ocr_page' id='page_1' title='image "./mfabiiquintilia01rittgoog_0272.png"; bbox 0 0 2386 3816; ppageno 0'>
   <div class='ocr_carea' id='block_1_1' title="bbox 336 166 1040 236">
    <p class='ocr_par' dir='ltr' id='par_1_1' title="bbox 336 166 1040 236">
     <span class='ocr_line' id='line_1_1' title="bbox 336 166 1040 236; baseline 0.017 -13"><span class='ocrx_word' id='word_1_1' title='bbox 336 166 651 224; x_wconf 80' lang='lat' dir='ltr'><strong>DECLAMATIONES.</strong></span> <span class='ocrx_word' id='word_1_2' title='bbox 670 167 796 225; x_wconf 82' lang='lat' dir='ltr'>CCCXV.</span> <span class='ocrx_word' id='word_1_3' title='bbox 976 170 1040 236; x_wconf 74' lang='lat'><strong>237</strong></span> 
     </span>
    </p>
   </div>
   <div class='ocr_carea' id='block_1_2' title="bbox 70 331 1098 1219">
    <p class='ocr_par' dir='ltr' id='par_1_2' title="bbox 70 331 1094 595">
     <span class='ocr_line' id='line_1_2' title="bbox 71 331 1042 416; baseline 0.001 -19"><span class='ocrx_word' id='word_1_4' title='bbox 71 332 249 416; x_wconf 84' lang='lat' dir='ltr'><strong>variatum,</strong></span> <span class='ocrx_word' id='word_1_5' title='bbox 271 331 356 396; x_wconf 88' lang='lat' dir='ltr'><strong>nihil</strong></span> <span class='ocrx_word' id='word_1_6' title='bbox 380 354 418 397; x_wconf 86' lang='lat' dir='ltr'><strong>ex</strong></span> <span class='ocrx_word' id='word_1_7' title='bbox 441 354 531 397; x_wconf 88' lang='lat' dir='ltr'><strong>more</strong></span> <span class='ocrx_word' id='word_1_8' title='bbox 555 332 692 397; x_wconf 86' lang='lat' dir='ltr'><strong>aliorum</strong></span> <span class='ocrx_word' id='word_1_9' title='bbox 715 332 951 399; x_wconf 79' lang='lat' dir='ltr'><strong>insanientium</strong></span> <span class='ocrx_word' id='word_1_10' title='bbox 975 356 1042 398; x_wconf 90' lang='lat' dir='ltr'><strong>mu·</strong></span> 
     </span>
     <span class='ocr_line' id='line_1_3' title="bbox 70 419 1094 507; baseline 0.003 -21"><span class='ocrx_word' id='word_1_11' title='bbox 70 423 184 486; x_wconf 84' lang='lat' dir='ltr'><strong>tatum</strong></span> <span class='ocrx_word' id='word_1_12' title='bbox 208 424 272 486; x_wconf 84' lang='lat' dir='ltr'><strong>cst:</strong></span> <span class='ocrx_word' id='word_1_13' title='bbox 294 442 377 506; x_wconf 75' lang='lat' dir='ltr'><strong>ocgo</strong></span> <span class='ocrx_word' id='word_1_14' title='bbox 400 425 445 505; x_wconf 84' lang='lat' dir='ltr'><strong>te,</strong></span> <span class='ocrx_word' id='word_1_15' title='bbox 464 424 570 505; x_wconf 86' lang='lat' dir='ltr'><strong>pater,</strong></span> <span class='ocrx_word' id='word_1_16' title='bbox 594 419 726 487; x_wconf 74' lang='lat' dir='ltr'><strong>occidi«.</strong></span> <span class='ocrx_word' id='word_1_17' title='bbox 755 422 857 507; x_wconf 82' lang='lat' dir='ltr'><strong>longa</strong></span> <span class='ocrx_word' id='word_1_18' title='bbox 880 421 1042 489; x_wconf 83' lang='lat' dir='ltr'><strong>confessio</strong></span> <span class='ocrx_word' id='word_1_19' title='bbox 1089 474 1094 482; x_wconf 89' lang='lat'><em>.</em></span> 
     </span>
     <span class='ocr_line' id='line_1_4' title="bbox 73 509 752 595; baseline 0.003 -21"><span class='ocrx_word' id='word_1_20' title='bbox 73 513 142 594; x_wconf 85' lang='lat' dir='ltr'><strong>est,</strong></span> <span class='ocrx_word' id='word_1_21' title='bbox 169 509 311 595; x_wconf 87' lang='lat' dir='ltr'><strong>repetita</strong></span> <span class='ocrx_word' id='word_1_22' title='bbox 332 511 454 576; x_wconf 86' lang='lat' dir='ltr'><strong>totiens</strong></span> <span class='ocrx_word' id='word_1_23' title='bbox 480 509 654 592; x_wconf 84' lang='lat' dir='ltr'><strong>[confessio</strong></span> <span class='ocrx_word' id='word_1_24' title='bbox 679 512 752 592; x_wconf 81' lang='lat' dir='ltr'><strong>ost].</strong></span> 
     </span>
    </p>

    <p class='ocr_par' dir='ltr' id='par_1_3' title="bbox 73 596 1098 1219">
     <span class='ocr_line' id='line_1_5' title="bbox 144 596 1043 685; baseline 0.001 -22"><span class='ocrx_word' id='word_1_25' title='bbox 144 596 271 683; x_wconf 77' lang='lat' dir='ltr'><strong>Ecquid</strong></span> <span class='ocrx_word' id='word_1_26' title='bbox 295 599 465 684; x_wconf 78' lang='lat' dir='ltr'><strong>concipitis</strong></span> <span class='ocrx_word' id='word_1_27' title='bbox 490 599 607 665; x_wconf 82' lang='lat' dir='ltr'><strong>animis</strong></span> <span class='ocrx_word' id='word_1_28' title='bbox 630 600 807 685; x_wconf 79' lang='lat' dir='ltr'><strong>imaginem</strong></span> <span class='ocrx_word' id='word_1_29' title='bbox 830 600 931 684; x_wconf 81' lang='lat' dir='ltr'><strong>illam,</strong></span> <span class='ocrx_word' id='word_1_30' title='bbox 961 621 1043 684; x_wconf 85' lang='lat' dir='ltr'><strong>quae</strong></span> 
     </span>
     <span class='ocr_line' id='line_1_6' title="bbox 73 686 1079 773; baseline 0.003 -20"><span class='ocrx_word' id='word_1_31' title='bbox 73 689 141 753; x_wconf 91' lang='lat' dir='ltr'><strong>hoc</strong></span> <span class='ocrx_word' id='word_1_32' title='bbox 165 686 293 773; x_wconf 65' lang='lat' dir='ltr'><strong>coegit?</strong></span> <span class='ocrx_word' id='word_1_33' title='bbox 331 690 441 754; x_wconf 85' lang='lat' dir='ltr'><strong>stabat</strong></span> <span class='ocrx_word' id='word_1_34' title='bbox 468 687 614 772; x_wconf 85' lang='lat' dir='ltr'><strong>profecto</strong></span> <span class='ocrx_word' id='word_1_35' title='bbox 642 692 719 754; x_wconf 87' lang='lat' dir='ltr'><strong>ante</strong></span> <span class='ocrx_word' id='word_1_36' title='bbox 748 689 859 755; x_wconf 84' lang='lat' dir='ltr'><strong>oculos</strong></span> <span class='ocrx_word' id='word_1_37' title='bbox 882 690 1079 756; x_wconf 79' lang='lat' dir='ltr'><strong>laceratuse</strong></span> 
     </span>
     <span class='ocr_line' id='line_1_7' title="bbox 77 776 1043 865; baseline 0.001 -23"><span class='ocrx_word' id='word_1_38' title='bbox 77 782 114 843; x_wconf 86' lang='lat' dir='ltr'><strong>et</strong></span> <span class='ocrx_word' id='word_1_39' title='bbox 142 776 248 842; x_wconf 87' lang='lat' dir='ltr'><strong>adhuc</strong></span> <span class='ocrx_word' id='word_1_40' title='bbox 270 782 423 843; x_wconf 82' lang='lat' dir='ltr'><strong>cruentus</strong></span> <span class='ocrx_word' id='word_1_41' title='bbox 446 781 554 865; x_wconf 76' lang='lat' dir='ltr'><strong>pater3</strong></span> <span class='ocrx_word' id='word_1_42' title='bbox 582 777 774 844; x_wconf 76' lang='lat' dir='ltr'><strong>ostendebat</strong></span> <span class='ocrx_word' id='word_1_43' title='bbox 797 777 897 844; x_wconf 72' lang='lat' dir='ltr'><strong>effusa</strong></span> <span class='ocrx_word' id='word_1_44' title='bbox 920 778 1043 863; x_wconf 83' lang='lat' dir='ltr'><strong>vitalia,</strong></span> 
     </span>
     <span class='ocr_line' id='line_1_8' title="bbox 74 865 1045 951; baseline -0.001 -19"><span class='ocrx_word' id='word_1_45' title='bbox 74 869 171 932; x_wconf 83' lang='lat' dir='ltr'><strong>totus</strong></span> <span class='ocrx_word' id='word_1_46' title='bbox 193 865 250 931; x_wconf 88' lang='lat' dir='ltr'><strong>ille</strong></span> <span class='ocrx_word' id='word_1_47' title='bbox 275 870 350 932; x_wconf 88' lang='lat' dir='ltr'><strong>ante</strong></span> <span class='ocrx_word' id='word_1_48' title='bbox 375 868 486 933; x_wconf 85' lang='lat' dir='ltr'><strong>oculos</strong></span> <span class='ocrx_word' id='word_1_49' title='bbox 510 867 611 951; x_wconf 82' lang='lat' dir='ltr'><strong>locus,</strong></span> <span class='ocrx_word' id='word_1_50' title='bbox 633 870 742 933; x_wconf 91' lang='lat' dir='ltr'><strong>totum</strong></span> <span class='ocrx_word' id='word_1_51' title='bbox 761 869 864 934; x_wconf 83' lang='lat' dir='ltr'><strong>scelus</strong></span> <span class='ocrx_word' id='word_1_52' title='bbox 884 872 992 932; x_wconf 84' lang='lat' dir='ltr'><strong>mente</strong></span> <span class='ocrx_word' id='word_1_53' title='bbox 1012 871 1045 931; x_wconf 85' lang='lat' dir='ltr'><strong>et</strong></span> 
     </span>
     <span class='ocr_line' id='line_1_9' title="bbox 77 955 1045 1042; baseline -0.002 -21"><span class='ocrx_word' id='word_1_54' title='bbox 77 955 279 1040; x_wconf 82' lang='lat' dir='ltr'><strong>cogitatione</strong></span> <span class='ocrx_word' id='word_1_55' title='bbox 302 956 513 1041; x_wconf 84' lang='lat' dir='ltr'><strong>†perflexum</strong></span> <span class='ocrx_word' id='word_1_56' title='bbox 528 958 558 1037; x_wconf 88' lang='lat'><strong>†.</strong></span> <span class='ocrx_word' id='word_1_57' title='bbox 603 978 670 1022; x_wconf 92' lang='lat' dir='ltr'><strong>non</strong></span> <span class='ocrx_word' id='word_1_58' title='bbox 692 960 802 1042; x_wconf 83' lang='lat' dir='ltr'><strong>potest</strong></span> <span class='ocrx_word' id='word_1_59' title='bbox 825 957 904 1041; x_wconf 84' lang='lat' dir='ltr'><strong>fieri,</strong></span> <span class='ocrx_word' id='word_1_60' title='bbox 927 961 965 1022; x_wconf 86' lang='lat' dir='ltr'><strong>ut</strong></span> <span class='ocrx_word' id='word_1_61' title='bbox 987 978 1045 1041; x_wconf 86' lang='lat' dir='ltr'><strong>per</strong></span> 
     </span>
     <span class='ocr_line' id='line_1_10' title="bbox 77 1043 1045 1131; baseline 0.001 -23"><span class='ocrx_word' id='word_1_62' title='bbox 77 1043 279 1110; x_wconf 88' lang='lat' dir='ltr'><strong>dementiam</strong></span> <span class='ocrx_word' id='word_1_63' title='bbox 311 1045 459 1111; x_wconf 85' lang='lat' dir='ltr'><strong>videatur</strong></span> <span class='ocrx_word' id='word_1_64' title='bbox 492 1045 615 1112; x_wconf 86' lang='lat' dir='ltr'><strong>totiens</strong></span> <span class='ocrx_word' id='word_1_65' title='bbox 649 1046 830 1131; x_wconf 83' lang='lat' dir='ltr'><strong>confessus,</strong></span> <span class='ocrx_word' id='word_1_66' title='bbox 872 1045 927 1129; x_wconf 92' lang='lat' dir='ltr'><strong>qui</strong></span> <span class='ocrx_word' id='word_1_67' title='bbox 954 1067 1045 1111; x_wconf 92' lang='lat' dir='ltr'><strong>num·</strong></span> 
     </span>
     <span class='ocr_line' id='line_1_11' title="bbox 77 1134 1098 1219; baseline 0.003 -22"><span class='ocrx_word' id='word_1_68' title='bbox 77 1154 179 1217; x_wconf 86' lang='lat' dir='ltr'><strong>quam</strong></span> <span class='ocrx_word' id='word_1_69' title='bbox 201 1134 344 1219; x_wconf 81' lang='lat' dir='ltr'><strong>negavit.</strong></span> <span class='ocrx_word' id='word_1_70' title='bbox 380 1136 425 1200; x_wconf 86' lang='lat' dir='ltr'><strong>ite</strong></span> <span class='ocrx_word' id='word_1_71' title='bbox 447 1156 534 1200; x_wconf 91' lang='lat' dir='ltr'><strong>nunc</strong></span> <span class='ocrx_word' id='word_1_72' title='bbox 558 1138 590 1200; x_wconf 88' lang='lat' dir='ltr'><strong>et</strong></span> <span class='ocrx_word' id='word_1_73' title='bbox 613 1135 746 1218; x_wconf 82' lang='lat' dir='ltr'><strong>paribus</strong></span> <span class='ocrx_word' id='word_1_74' title='bbox 771 1135 938 1200; x_wconf 78' lang='lat' dir='ltr'><strong>absolvite.</strong></span> <span class='ocrx_word' id='word_1_75' title='bbox 1065 1151 1098 1200; x_wconf 88' lang='lat'><strong>10</strong></span> 
     </span>
    </p>
   </div>
   <div class='ocr_carea' id='block_1_3' title="bbox 323 1363 805 1604">
    <p class='ocr_par' dir='ltr' id='par_1_4' title="bbox 323 1363 805 1604">
     <span class='ocr_line' id='line_1_12' title="bbox 369 1363 653 1432; baseline 0 0"><span class='ocrx_word' id='word_1_76' title='bbox 369 1383 371 1387; x_wconf 70' lang='grc'>’</span> <span class='ocrx_word' id='word_1_77' title='bbox 492 1363 653 1432; x_wconf 73' lang='lat' dir='ltr'>CCCXV.</span> 
     </span>
     <span class='ocr_line' id='line_1_13' title="bbox 323 1505 805 1604; baseline 0.008 -32"><span class='ocrx_word' id='word_1_78' title='bbox 323 1505 446 1574; x_wconf 79' lang='lat' dir='ltr'><strong>Fortis</strong></span> <span class='ocrx_word' id='word_1_79' title='bbox 469 1508 573 1592; x_wconf 79' lang='lat' dir='ltr'><strong>pater</strong></span> <span class='ocrx_word' id='word_1_80' title='bbox 596 1507 805 1604; x_wconf 75' lang='lat' dir='ltr'><strong>desertoria</strong></span> 
     </span>
    </p>
   </div>
   <div class='ocr_carea' id='block_1_4' title="bbox 80 1650 1101 2004">
    <p class='ocr_par' dir='ltr' id='par_1_5' title="bbox 80 1650 1101 2004">
     <span class='ocr_line' id='line_1_14' title="bbox 80 1650 1048 1719; baseline -0.001 -1"><span class='ocrx_word' id='word_1_81' title='bbox 80 1650 153 1718; x_wconf 82' lang='lat' dir='ltr'><strong>Vm</strong></span> <span class='ocrx_word' id='word_1_82' title='bbox 175 1668 302 1718; x_wconf 80' lang='lat' dir='ltr'><strong>nonum</strong></span> <span class='ocrx_word' id='word_1_83' title='bbox 325 1668 559 1718; x_wconf 78' lang='lat' dir='ltr'><strong>nusnuuonnu</strong></span> <span class='ocrx_word' id='word_1_84' title='bbox 582 1670 649 1718; x_wconf 76' lang='lat' dir='ltr'><strong>eun</strong></span> <span class='ocrx_word' id='word_1_85' title='bbox 666 1670 764 1717; x_wconf 71' lang='lat' dir='ltr'><strong>naun</strong></span> <span class='ocrx_word' id='word_1_86' title='bbox 784 1669 946 1719; x_wconf 74' lang='lat' dir='ltr'><strong>eceman.</strong></span> <span class='ocrx_word' id='word_1_87' title='bbox 983 1652 1048 1717; x_wconf 81' lang='lat' dir='ltr'><strong>Eo·</strong></span> 
     </span>
     <span class='ocr_line' id='line_1_15' title="bbox 173 1739 1047 1827; baseline 0.001 -23"><span class='ocrx_word' id='word_1_88' title='bbox 173 1739 247 1805; x_wconf 87' lang='lat' dir='ltr'><strong>dem</strong></span> <span class='ocrx_word' id='word_1_89' title='bbox 269 1741 410 1826; x_wconf 82' lang='lat' dir='ltr'><strong>proelio,</strong></span> <span class='ocrx_word' id='word_1_90' title='bbox 433 1763 498 1826; x_wconf 92' lang='lat' dir='ltr'><strong>quo</strong></span> <span class='ocrx_word' id='word_1_91' title='bbox 521 1745 615 1827; x_wconf 88' lang='lat' dir='ltr'><strong>pater</strong></span> <span class='ocrx_word' id='word_1_92' title='bbox 637 1741 767 1806; x_wconf 86' lang='lat' dir='ltr'><strong>fortiter</strong></span> <span class='ocrx_word' id='word_1_93' title='bbox 788 1740 880 1825; x_wconf 84' lang='lat' dir='ltr'><strong>fecit,</strong></span> <span class='ocrx_word' id='word_1_94' title='bbox 904 1740 1047 1805; x_wconf 85' lang='lat' dir='ltr'><strong>eiusdem</strong></span> 
     </span>
     <span class='ocr_line' id='line_1_16' title="bbox 171 1829 1101 1915; baseline 0 -22"><span class='ocrx_word' id='word_1_95' title='bbox 171 1829 260 1896; x_wconf 82' lang='lat' dir='ltr'><strong>filius</strong></span> <span class='ocrx_word' id='word_1_96' title='bbox 284 1830 435 1897; x_wconf 80' lang='lat' dir='ltr'><strong>deseruit.</strong></span> <span class='ocrx_word' id='word_1_97' title='bbox 480 1831 565 1915; x_wconf 86' lang='lat' dir='ltr'><strong>petit</strong></span> <span class='ocrx_word' id='word_1_98' title='bbox 585 1830 723 1915; x_wconf 86' lang='lat' dir='ltr'><strong>praemii</strong></span> <span class='ocrx_word' id='word_1_99' title='bbox 745 1830 891 1913; x_wconf 83' lang='lat' dir='ltr'><strong>nomine,</strong></span> <span class='ocrx_word' id='word_1_100' title='bbox 914 1832 951 1895; x_wconf 91' lang='lat' dir='ltr'><strong>ut</strong></span> <span class='ocrx_word' id='word_1_101' title='bbox 974 1850 1047 1893; x_wconf 90' lang='lat' dir='ltr'><strong>eum</strong></span> <span class='ocrx_word' id='word_1_102' title='bbox 1069 1844 1101 1893; x_wconf 78' lang='lat'><strong>15</strong></span> 
     </span>
     <span class='ocr_line' id='line_1_17' title="bbox 171 1918 490 2004; baseline 0.003 -22"><span class='ocrx_word' id='word_1_103' title='bbox 171 1939 237 1986; x_wconf 90' lang='lat' dir='ltr'><strong>non</strong></span> <span class='ocrx_word' id='word_1_104' title='bbox 260 1921 331 2004; x_wconf 83' lang='lat' dir='ltr'><strong>ipse</strong></span> <span class='ocrx_word' id='word_1_105' title='bbox 355 1918 490 1986; x_wconf 87' lang='lat' dir='ltr'><strong>occidat.</strong></span> 
     </span>
    </p>
   </div>
   <div class='ocr_carea' id='block_1_5' title="bbox 396 2094 737 2164">
    <p class='ocr_par' dir='ltr' id='par_1_6' title="bbox 396 2094 737 2164">
     <span class='ocr_line' id='line_1_18' title="bbox 396 2094 737 2164; baseline -0.006 -1"><span class='ocrx_word' id='word_1_106' title='bbox 396 2094 737 2164; x_wconf 77' lang='lat' dir='ltr'><strong>DECLAMATIO.</strong></span> 
     </span>
    </p>
   </div>
   <div class='ocr_carea' id='block_1_6' title="bbox 152 2219 576 2308">
    <p class='ocr_par' dir='ltr' id='par_1_7' title="bbox 152 2219 576 2308">
     <span class='ocr_line' id='line_1_19' title="bbox 152 2219 576 2308; baseline -0.002 -21"><span class='ocrx_word' id='word_1_107' title='bbox 152 2219 261 2288; x_wconf 83' lang='lat' dir='ltr'><strong>Fortis</strong></span> <span class='ocrx_word' id='word_1_108' title='bbox 285 2223 466 2308; x_wconf 87' lang='lat' dir='ltr'><strong>praemium</strong></span> <span class='ocrx_word' id='word_1_109' title='bbox 489 2226 576 2308; x_wconf 87' lang='lat' dir='ltr'><strong>pete.</strong></span> 
     </span>
    </p>
   </div>
   <div class='ocr_carea' id='block_1_7' title="bbox 483 2399 657 2467">
    <p class='ocr_par' dir='ltr' id='par_1_8' title="bbox 483 2399 657 2467">
     <span class='ocr_line' id='line_1_20' title="bbox 483 2399 657 2467; baseline 0.006 -1"><span class='ocrx_word' id='word_1_110' title='bbox 483 2399 657 2467; x_wconf 79' lang='lat' dir='ltr'><strong>SERMO.</strong></span> 
     </span>
    </p>
   </div>
   <div class='ocr_carea' id='block_1_8' title="bbox 151 2525 562 2593">
    <p class='ocr_par' dir='ltr' id='par_1_9' title="bbox 151 2525 562 2593">
     <span class='ocr_line' id='line_1_21' title="bbox 151 2525 562 2593; baseline 0.002 -1"><span class='ocrx_word' id='word_1_111' title='bbox 151 2525 217 2592; x_wconf 88' lang='lat' dir='ltr'><strong>Illa</strong></span> <span class='ocrx_word' id='word_1_112' title='bbox 241 2526 426 2593; x_wconf 90' lang='lat' dir='ltr'><strong>communia</strong></span> <span class='ocrx_word' id='word_1_113' title='bbox 446 2527 562 2593; x_wconf 83' lang='lat' dir='ltr'><strong>noetis.</strong></span> 
     </span>
    </p>
   </div>
   <div class='ocr_carea' id='block_1_9' title="bbox 155 2701 740 2915">
    <p class='ocr_par' dir='ltr' id='par_1_10' title="bbox 155 2701 740 2915">
     <span class='ocr_line' id='line_1_22' title="bbox 406 2701 740 2770; baseline -0.006 0"><span class='ocrx_word' id='word_1_114' title='bbox 406 2701 740 2770; x_wconf 78' lang='lat' dir='ltr'><strong>DECLAMATIO.</strong></span> 
     </span>
     <span class='ocr_line' id='line_1_23' title="bbox 155 2827 402 2915; baseline -0.004 -20"><span class='ocrx_word' id='word_1_115' title='bbox 155 2827 320 2915; x_wconf 83' lang='lat' dir='ltr'><strong>Scriptum</strong></span> <span class='ocrx_word' id='word_1_116' title='bbox 344 2834 402 2895; x_wconf 85' lang='lat' dir='ltr'><strong>eet.</strong></span> 
     </span>
    </p>
   </div>
   <div class='ocr_carea' id='block_1_10' title="bbox 155 3002 656 3215">
    <p class='ocr_par' dir='ltr' id='par_1_11' title="bbox 155 3002 656 3215">
     <span class='ocr_line' id='line_1_24' title="bbox 481 3002 656 3075; baseline -0.006 -1"><span class='ocrx_word' id='word_1_117' title='bbox 481 3002 656 3075; x_wconf 81' lang='lat' dir='ltr'><strong>SERMO.</strong></span> 
     </span>
     <span class='ocr_line' id='line_1_25' title="bbox 155 3132 557 3215; baseline 0.002 -17"><span class='ocrx_word' id='word_1_118' title='bbox 155 3132 249 3215; x_wconf 81' lang='lat' dir='ltr'><strong>n[s]t</strong></span> <span class='ocrx_word' id='word_1_119' title='bbox 271 3132 354 3199; x_wconf 89' lang='lat' dir='ltr'><strong>illud</strong></span> <span class='ocrx_word' id='word_1_120' title='bbox 377 3154 557 3199; x_wconf 85' lang='lat' dir='ltr'><strong>commune.</strong></span> 
     </span>
    </p>
   </div>
   <div class='ocr_carea' id='block_1_11' title="bbox 163 3309 1058 3454">
    <p class='ocr_par' dir='ltr' id='par_1_12' title="bbox 163 3309 1058 3454">
     <span class='ocr_line' id='line_1_26' title="bbox 163 3309 1058 3454; baseline -0.004 -72"><span class='ocrx_word' id='word_1_121' title='bbox 163 3333 180 3382; x_wconf 84' lang='lat' dir='ltr'><strong>o</strong></span> <span class='ocrx_word' id='word_1_122' title='bbox 199 3343 229 3383; x_wconf 68' lang='grc' dir='ltr'><strong>ιο</strong></span> <span class='ocrx_word' id='word_1_123' title='bbox 251 3325 305 3382; x_wconf 73' lang='lat' dir='ltr'><strong>eut</strong></span> <span class='ocrx_word' id='word_1_124' title='bbox 322 3330 368 3454; x_wconf 48' lang='lat'><strong>13</strong></span> <span class='ocrx_word' id='word_1_125' title='bbox 382 3309 511 3400; x_wconf 70' lang='lat' dir='ltr'><strong>[confess.</strong></span> <span class='ocrx_word' id='word_1_126' title='bbox 531 3328 584 3401; x_wconf 71' lang='lat' dir='ltr'><strong>aa]</strong></span> <span class='ocrx_word' id='word_1_127' title='bbox 596 3327 640 3384; x_wconf 78' lang='lat' dir='ltr'><strong>ao</strong></span> <span class='ocrx_word' id='word_1_128' title='bbox 653 3328 694 3398; x_wconf 79' lang='lat' dir='ltr'><strong>t4</strong></span> <span class='ocrx_word' id='word_1_129' title='bbox 711 3327 782 3382; x_wconf 73' lang='lat' dir='ltr'><strong>eaeo</strong></span> <span class='ocrx_word' id='word_1_130' title='bbox 801 3325 868 3395; x_wconf 75' lang='lat' dir='ltr'><strong>quo</strong></span> <span class='ocrx_word' id='word_1_131' title='bbox 887 3328 922 3393; x_wconf 73' lang='lat' dir='ltr'><strong>u,</strong></span> <span class='ocrx_word' id='word_1_132' title='bbox 942 3324 1058 3396; x_wconf 79' lang='lat' dir='ltr'><strong>etquid</strong></span> 
     </span>
    </p>
   </div>
   <div class='ocr_carea' id='block_1_12' title="bbox 90 3397 1060 3548">
    <p class='ocr_par' dir='ltr' id='par_1_13' title="bbox 90 3397 1060 3548">
     <span class='ocr_line' id='line_1_27' title="bbox 90 3397 1060 3470; baseline -0.003 -17"><span class='ocrx_word' id='word_1_133' title='bbox 90 3401 166 3469; x_wconf 71' lang='grc'><strong>3118</strong></span> <span class='ocrx_word' id='word_1_134' title='bbox 185 3413 217 3452; x_wconf 85' lang='lat' dir='ltr'><strong>re</strong></span> <span class='ocrx_word' id='word_1_135' title='bbox 237 3415 323 3455; x_wconf 82' lang='lat' dir='ltr'><strong>axum</strong></span> <span class='ocrx_word' id='word_1_136' title='bbox 368 3400 409 3468; x_wconf 76' lang='lat' dir='ltr'><strong>br,</strong></span> <span class='ocrx_word' id='word_1_137' title='bbox 427 3400 563 3470; x_wconf 80' lang='lat' dir='ltr'><strong>perfixum</strong></span> <span class='ocrx_word' id='word_1_138' title='bbox 582 3403 679 3456; x_wconf 63' lang='lat' dir='ltr'><strong>aanor</strong></span> <span class='ocrx_word' id='word_1_139' title='bbox 697 3398 817 3455; x_wconf 72' lang='lat' dir='ltr'><strong>incertae</strong></span> <span class='ocrx_word' id='word_1_140' title='bbox 834 3397 911 3469; x_wconf 71' lang='lat' dir='ltr'><strong>opud</strong></span> <span class='ocrx_word' id='word_1_141' title='bbox 931 3397 986 3453; x_wconf 71' lang='lat' dir='ltr'><strong>Aac</strong></span> <span class='ocrx_word' id='word_1_142' title='bbox 999 3397 1060 3465; x_wconf 64' lang='grc'><strong>1111</strong></span> 
     </span>
     <span class='ocr_line' id='line_1_28' title="bbox 91 3469 775 3548; baseline -0.003 -21"><span class='ocrx_word' id='word_1_143' title='bbox 91 3469 605 3548; x_wconf 69' lang='grc' dir='ltr'><strong>οοοίᾶ113114ᾳηοᾱ3124θ[ε]1</strong></span> <span class='ocrx_word' id='word_1_144' title='bbox 624 3470 669 3531; x_wconf 85' lang='lat' dir='ltr'><strong>Ro</strong></span> <span class='ocrx_word' id='word_1_145' title='bbox 688 3475 715 3530; x_wconf 80' lang='lat' dir='ltr'><strong>et</strong></span> <span class='ocrx_word' id='word_1_146' title='bbox 733 3469 775 3529; x_wconf 71' lang='grc' dir='ltr'><strong>Εἰ</strong></span> 
     </span>
    </p>
   </div>
   <div class='ocr_carea' id='block_1_13' title="bbox 0 0 1198 3816">
    <p class='ocr_par' dir='ltr' id='par_1_14' title="bbox 0 0 1198 3816">
     <span class='ocr_line' id='line_1_29' title="bbox 0 0 1198 3816; baseline 0 0"><span class='ocrx_word' id='word_1_147' title='bbox 0 0 1198 3816; x_wconf 95' lang='lat' dir='ltr'><strong> </strong></span> 
     </span>
    </p>
   </div>
  </div>
 </body>
</html>
