<?xml version="1.0" encoding="UTF-8"?>
<!DOCTYPE html PUBLIC "-//W3C//DTD XHTML 1.0 Transitional//EN"
    "http://www.w3.org/TR/xhtml1/DTD/xhtml1-transitional.dtd">
<html xmlns="http://www.w3.org/1999/xhtml" xml:lang="en" lang="en">
 <head>
  <title>
</title>
<meta http-equiv="Content-Type" content="text/html;charset=utf-8" />
  <meta name='ocr-system' content='tesseract 3.04.00' />
  <meta name='ocr-capabilities' content='ocr_page ocr_carea ocr_par ocr_line ocrx_word'/>
</head>
<body>
  <div class='ocr_page' id='page_1' title='image "./mfabiiquintilia01rittgoog_0098.png"; bbox 0 0 2386 3816; ppageno 0'>
   <div class='ocr_carea' id='block_1_1' title="bbox 332 173 1031 245">
    <p class='ocr_par' dir='ltr' id='par_1_1' title="bbox 332 173 1031 245">
     <span class='ocr_line' id='line_1_1' title="bbox 332 173 1031 245; baseline 0.004 -15"><span class='ocrx_word' id='word_1_1' title='bbox 332 173 652 232; x_wconf 80' lang='lat' dir='ltr'>DECLAMATIONES.</span> <span class='ocrx_word' id='word_1_2' title='bbox 672 177 771 234; x_wconf 86' lang='lat' dir='ltr'>CCLX.</span> <span class='ocrx_word' id='word_1_3' title='bbox 987 179 1031 245; x_wconf 87' lang='lat'>63</span> 
     </span>
    </p>
   </div>
   <div class='ocr_carea' id='block_1_2' title="bbox 58 338 1115 3103">
    <p class='ocr_par' dir='ltr' id='par_1_2' title="bbox 62 338 1115 960">
     <span class='ocr_line' id='line_1_2' title="bbox 62 338 1032 427; baseline 0.004 -23"><span class='ocrx_word' id='word_1_4' title='bbox 62 339 132 406; x_wconf 85' lang='lat' dir='ltr'>iata</span> <span class='ocrx_word' id='word_1_5' title='bbox 162 338 290 424; x_wconf 84' lang='lat' dir='ltr'>gravia,</span> <span class='ocrx_word' id='word_1_6' title='bbox 314 359 397 423; x_wconf 90' lang='lat' dir='ltr'>quae</span> <span class='ocrx_word' id='word_1_7' title='bbox 429 338 628 405; x_wconf 89' lang='lat' dir='ltr'>obiciuntur:</span> <span class='ocrx_word' id='word_1_8' title='bbox 666 340 788 427; x_wconf 91' lang='lat' dir='ltr'>aliquid</span> <span class='ocrx_word' id='word_1_9' title='bbox 822 342 937 408; x_wconf 86' lang='lat' dir='ltr'>fecisse</span> <span class='ocrx_word' id='word_1_10' title='bbox 969 344 1032 409; x_wconf 86' lang='lat' dir='ltr'>cle-</span> 
     </span>
     <span class='ocr_line' id='line_1_3' title="bbox 64 428 1029 516; baseline 0.004 -23"><span class='ocrx_word' id='word_1_11' title='bbox 64 432 204 512; x_wconf 83' lang='lat' dir='ltr'>menter,</span> <span class='ocrx_word' id='word_1_12' title='bbox 223 432 338 494; x_wconf 88' lang='lat' dir='ltr'>contra</span> <span class='ocrx_word' id='word_1_13' title='bbox 357 428 454 494; x_wconf 89' lang='lat' dir='ltr'>duros</span> <span class='ocrx_word' id='word_1_14' title='bbox 473 432 506 493; x_wconf 92' lang='lat' dir='ltr'>et</span> <span class='ocrx_word' id='word_1_15' title='bbox 524 450 656 513; x_wconf 88' lang='lat' dir='ltr'>asperos</span> <span class='ocrx_word' id='word_1_16' title='bbox 669 435 778 514; x_wconf 88' lang='lat' dir='ltr'>patres</span> <span class='ocrx_word' id='word_1_17' title='bbox 797 432 1029 516; x_wconf 79' lang='lat' dir='ltr'>interposuisse</span> 
     </span>
     <span class='ocr_line' id='line_1_4' title="bbox 62 517 1115 605; baseline 0.008 -22"><span class='ocrx_word' id='word_1_18' title='bbox 62 517 322 583; x_wconf 87' lang='lat' dir='ltr'>misericordiam</span> <span class='ocrx_word' id='word_1_19' title='bbox 350 539 410 602; x_wconf 86' lang='lat' dir='ltr'>pro</span> <span class='ocrx_word' id='word_1_20' title='bbox 440 539 498 583; x_wconf 91' lang='lat' dir='ltr'>sua</span> <span class='ocrx_word' id='word_1_21' title='bbox 526 521 647 584; x_wconf 88' lang='lat' dir='ltr'>aetate:</span> <span class='ocrx_word' id='word_1_22' title='bbox 673 540 740 585; x_wconf 92' lang='lat' dir='ltr'>non</span> <span class='ocrx_word' id='word_1_23' title='bbox 771 519 832 586; x_wconf 89' lang='lat' dir='ltr'>hoo</span> <span class='ocrx_word' id='word_1_24' title='bbox 862 521 945 586; x_wconf 83' lang='lat' dir='ltr'>vidit</span> <span class='ocrx_word' id='word_1_25' title='bbox 968 522 1028 605; x_wconf 85' lang='lat' dir='ltr'>lex,</span> <span class='ocrx_word' id='word_1_26' title='bbox 1107 580 1115 591; x_wconf 75' lang='grc'>.</span> 
     </span>
     <span class='ocr_line' id='line_1_5' title="bbox 63 606 1028 696; baseline 0.003 -24"><span class='ocrx_word' id='word_1_27' title='bbox 63 627 149 693; x_wconf 90' lang='lat' dir='ltr'>quae</span> <span class='ocrx_word' id='word_1_28' title='bbox 180 606 318 671; x_wconf 88' lang='lat' dir='ltr'>recitata</span> <span class='ocrx_word' id='word_1_29' title='bbox 348 609 412 691; x_wconf 87' lang='lat' dir='ltr'>est,</span> <span class='ocrx_word' id='word_1_30' title='bbox 443 627 510 672; x_wconf 91' lang='lat' dir='ltr'>non</span> <span class='ocrx_word' id='word_1_31' title='bbox 542 608 692 673; x_wconf 82' lang='lat' dir='ltr'>voluntas</span> <span class='ocrx_word' id='word_1_32' title='bbox 720 609 803 692; x_wconf 92' lang='lat' dir='ltr'>eius,</span> <span class='ocrx_word' id='word_1_33' title='bbox 834 611 1028 696; x_wconf 81' lang='lat' dir='ltr'>quicumque</span> 
     </span>
     <span class='ocr_line' id='line_1_6' title="bbox 63 695 1065 784; baseline 0.002 -22"><span class='ocrx_word' id='word_1_34' title='bbox 63 695 216 762; x_wconf 87' lang='lat' dir='ltr'>conditor</span> <span class='ocrx_word' id='word_1_35' title='bbox 232 695 312 760; x_wconf 88' lang='lat' dir='ltr'>iuris</span> <span class='ocrx_word' id='word_1_36' title='bbox 331 695 425 760; x_wconf 89' lang='lat' dir='ltr'>istius</span> <span class='ocrx_word' id='word_1_37' title='bbox 443 695 514 761; x_wconf 88' lang='lat' dir='ltr'>fuit.</span> <span class='ocrx_word' id='word_1_38' title='bbox 542 695 623 761; x_wconf 88' lang='lat' dir='ltr'>haec</span> <span class='ocrx_word' id='word_1_39' title='bbox 641 716 703 781; x_wconf 83' lang='lat' dir='ltr'>ego</span> <span class='ocrx_word' id='word_1_40' title='bbox 723 697 840 763; x_wconf 91' lang='lat' dir='ltr'>fortius</span> <span class='ocrx_word' id='word_1_41' title='bbox 859 698 934 784; x_wconf 84' lang='lat' dir='ltr'>dixi,</span> <span class='ocrx_word' id='word_1_42' title='bbox 953 701 1029 784; x_wconf 89' lang='lat' dir='ltr'>quia</span> <span class='ocrx_word' id='word_1_43' title='bbox 1048 713 1065 764; x_wconf 83' lang='lat' dir='ltr'>o</span> 
     </span>
     <span class='ocr_line' id='line_1_7' title="bbox 63 784 1028 872; baseline 0.003 -22"><span class='ocrx_word' id='word_1_44' title='bbox 63 784 393 870; x_wconf 85' lang='lat' dir='ltr'>&lt;nihil&gt;remissurus</span> <span class='ocrx_word' id='word_1_45' title='bbox 417 806 499 851; x_wconf 89' lang='lat' dir='ltr'>sum.</span> <span class='ocrx_word' id='word_1_46' title='bbox 526 784 611 862; x_wconf 83' lang='lat' dir='ltr'>Quid</span> <span class='ocrx_word' id='word_1_47' title='bbox 635 786 721 852; x_wconf 89' lang='lat' dir='ltr'>enim</span> <span class='ocrx_word' id='word_1_48' title='bbox 744 787 909 852; x_wconf 79' lang='lat' dir='ltr'>obicitur?</span> <span class='ocrx_word' id='word_1_49' title='bbox 944 789 1028 872; x_wconf 87' lang='lat' dir='ltr'>„Ab-</span> 
     </span>
     <span class='ocr_line' id='line_1_8' title="bbox 64 873 742 960; baseline 0 -20"><span class='ocrx_word' id='word_1_50' title='bbox 64 874 192 940; x_wconf 87' lang='lat' dir='ltr'>dicatos</span> <span class='ocrx_word' id='word_1_51' title='bbox 215 873 330 958; x_wconf 87' lang='lat' dir='ltr'>recipit</span> <span class='ocrx_word' id='word_1_52' title='bbox 357 877 391 938; x_wconf 88' lang='lat' dir='ltr'>et</span> <span class='ocrx_word' id='word_1_53' title='bbox 415 895 473 940; x_wconf 88' lang='lat' dir='ltr'>sua</span> <span class='ocrx_word' id='word_1_54' title='bbox 495 874 633 960; x_wconf 88' lang='lat' dir='ltr'>pecunia</span> <span class='ocrx_word' id='word_1_55' title='bbox 657 875 742 940; x_wconf 89' lang='lat' dir='ltr'>alit“.</span> 
     </span>
    </p>

    <p class='ocr_par' dir='ltr' id='par_1_3' title="bbox 58 961 1082 2115">
     <span class='ocr_line' id='line_1_9' title="bbox 128 961 1028 1048; baseline 0.001 -19"><span class='ocrx_word' id='word_1_56' title='bbox 128 961 177 1029; x_wconf 89' lang='lat' dir='ltr'>Ut</span> <span class='ocrx_word' id='word_1_57' title='bbox 203 961 397 1048; x_wconf 80' lang='lat' dir='ltr'>gravissime</span> <span class='ocrx_word' id='word_1_58' title='bbox 418 962 596 1029; x_wconf 87' lang='lat' dir='ltr'>iudicemus</span> <span class='ocrx_word' id='word_1_59' title='bbox 620 964 659 1029; x_wconf 89' lang='lat' dir='ltr'>de</span> <span class='ocrx_word' id='word_1_60' title='bbox 681 964 744 1030; x_wconf 90' lang='lat' dir='ltr'>hoc</span> <span class='ocrx_word' id='word_1_61' title='bbox 767 964 916 1030; x_wconf 88' lang='lat' dir='ltr'>crimine:</span> <span class='ocrx_word' id='word_1_62' title='bbox 950 965 1028 1030; x_wconf 86' lang='lat' dir='ltr'>stul·</span> 
     </span>
     <span class='ocr_line' id='line_1_10' title="bbox 60 1052 1028 1138; baseline 0.002 -21"><span class='ocrx_word' id='word_1_63' title='bbox 60 1052 139 1118; x_wconf 85' lang='lat' dir='ltr'>titia</span> <span class='ocrx_word' id='word_1_64' title='bbox 167 1057 218 1117; x_wconf 86' lang='lat' dir='ltr'>est</span> <span class='ocrx_word' id='word_1_65' title='bbox 245 1055 278 1116; x_wconf 91' lang='lat' dir='ltr'>et</span> <span class='ocrx_word' id='word_1_66' title='bbox 305 1073 520 1137; x_wconf 84' lang='lat' dir='ltr'>supervacuas</span> <span class='ocrx_word' id='word_1_67' title='bbox 548 1053 701 1136; x_wconf 85' lang='lat' dir='ltr'>inpensas</span> <span class='ocrx_word' id='word_1_68' title='bbox 729 1053 817 1120; x_wconf 88' lang='lat' dir='ltr'>facit.</span> <span class='ocrx_word' id='word_1_69' title='bbox 871 1054 944 1138; x_wconf 91' lang='lat' dir='ltr'>quis</span> <span class='ocrx_word' id='word_1_70' title='bbox 977 1058 1028 1119; x_wconf 88' lang='lat' dir='ltr'>est</span> 
     </span>
     <span class='ocr_line' id='line_1_11' title="bbox 61 1140 1082 1227; baseline 0.002 -21"><span class='ocrx_word' id='word_1_71' title='bbox 61 1142 137 1226; x_wconf 88' lang='lat' dir='ltr'>iste,</span> <span class='ocrx_word' id='word_1_72' title='bbox 161 1141 218 1226; x_wconf 90' lang='lat' dir='ltr'>qui</span> <span class='ocrx_word' id='word_1_73' title='bbox 240 1140 350 1224; x_wconf 92' lang='lat' dir='ltr'>nobis,</span> <span class='ocrx_word' id='word_1_74' title='bbox 372 1144 539 1226; x_wconf 75' lang='lat' dir='ltr'>tamquam</span> <span class='ocrx_word' id='word_1_75' title='bbox 562 1145 664 1225; x_wconf 89' lang='lat' dir='ltr'>pater,</span> <span class='ocrx_word' id='word_1_76' title='bbox 685 1141 860 1208; x_wconf 73' lang='lat' dir='ltr'>irascitur?</span> <span class='ocrx_word' id='word_1_77' title='bbox 904 1142 1028 1227; x_wconf 88' lang='lat' dir='ltr'>„Patri-</span> <span class='ocrx_word' id='word_1_78' title='bbox 1049 1157 1082 1208; x_wconf 91' lang='lat'>10</span> 
     </span>
     <span class='ocr_line' id='line_1_12' title="bbox 60 1229 1027 1316; baseline 0 -20"><span class='ocrx_word' id='word_1_79' title='bbox 60 1231 210 1296; x_wconf 90' lang='lat' dir='ltr'>monium</span> <span class='ocrx_word' id='word_1_80' title='bbox 247 1232 410 1295; x_wconf 82' lang='lat' dir='ltr'>consumis</span> <span class='ocrx_word' id='word_1_81' title='bbox 444 1233 477 1295; x_wconf 90' lang='lat' dir='ltr'>et</span> <span class='ocrx_word' id='word_1_82' title='bbox 504 1229 628 1314; x_wconf 87' lang='lat' dir='ltr'>alioqui</span> <span class='ocrx_word' id='word_1_83' title='bbox 658 1231 844 1314; x_wconf 89' lang='lat' dir='ltr'>splendidas</span> <span class='ocrx_word' id='word_1_84' title='bbox 873 1254 951 1316; x_wconf 89' lang='lat' dir='ltr'>opes</span> <span class='ocrx_word' id='word_1_85' title='bbox 975 1253 1027 1296; x_wconf 86' lang='lat' dir='ltr'>oo-</span> 
     </span>
     <span class='ocr_line' id='line_1_13' title="bbox 60 1317 1028 1406; baseline 0 -21"><span class='ocrx_word' id='word_1_86' title='bbox 60 1319 146 1385; x_wconf 88' lang='lat' dir='ltr'>tidie</span> <span class='ocrx_word' id='word_1_87' title='bbox 173 1317 338 1384; x_wconf 86' lang='lat' dir='ltr'>effundis.“</span> <span class='ocrx_word' id='word_1_88' title='bbox 384 1317 473 1396; x_wconf 84' lang='lat' dir='ltr'>Quae</span> <span class='ocrx_word' id='word_1_89' title='bbox 500 1318 632 1384; x_wconf 90' lang='lat' dir='ltr'>tandem</span> <span class='ocrx_word' id='word_1_90' title='bbox 660 1319 724 1384; x_wconf 91' lang='lat' dir='ltr'>ista</span> <span class='ocrx_word' id='word_1_91' title='bbox 751 1321 838 1385; x_wconf 90' lang='lat' dir='ltr'>inter</span> <span class='ocrx_word' id='word_1_92' title='bbox 860 1342 894 1386; x_wconf 92' lang='lat' dir='ltr'>se</span> <span class='ocrx_word' id='word_1_93' title='bbox 917 1341 1028 1406; x_wconf 77' lang='lat' dir='ltr'>pugna</span> 
     </span>
     <span class='ocr_line' id='line_1_14' title="bbox 62 1407 1026 1496; baseline 0 -21"><span class='ocrx_word' id='word_1_94' title='bbox 62 1407 137 1476; x_wconf 82' lang='lat' dir='ltr'>est?</span> <span class='ocrx_word' id='word_1_95' title='bbox 187 1409 292 1494; x_wconf 81' lang='lat' dir='ltr'>legem</span> <span class='ocrx_word' id='word_1_96' title='bbox 329 1408 446 1474; x_wconf 88' lang='lat' dir='ltr'>recitas</span> <span class='ocrx_word' id='word_1_97' title='bbox 482 1407 590 1473; x_wconf 87' lang='lat' dir='ltr'>laesae</span> <span class='ocrx_word' id='word_1_98' title='bbox 623 1409 670 1472; x_wconf 91' lang='lat' dir='ltr'>rei</span> <span class='ocrx_word' id='word_1_99' title='bbox 707 1409 856 1494; x_wconf 89' lang='lat' dir='ltr'>publicae</span> <span class='ocrx_word' id='word_1_100' title='bbox 888 1413 922 1475; x_wconf 88' lang='lat' dir='ltr'>et</span> <span class='ocrx_word' id='word_1_101' title='bbox 954 1410 1026 1496; x_wconf 80' lang='lat' dir='ltr'>agis</span> 
     </span>
     <span class='ocr_line' id='line_1_15' title="bbox 63 1494 1026 1584; baseline 0 -21"><span class='ocrx_word' id='word_1_102' title='bbox 63 1497 159 1583; x_wconf 89' lang='lat' dir='ltr'>quasi</span> <span class='ocrx_word' id='word_1_103' title='bbox 177 1497 315 1563; x_wconf 89' lang='lat' dir='ltr'>abdices.</span> <span class='ocrx_word' id='word_1_104' title='bbox 357 1494 410 1563; x_wconf 83' lang='lat' dir='ltr'>Sic</span> <span class='ocrx_word' id='word_1_105' title='bbox 433 1497 634 1582; x_wconf 81' lang='lat' dir='ltr'>respondebo</span> <span class='ocrx_word' id='word_1_106' title='bbox 657 1500 825 1584; x_wconf 76' lang='lat' dir='ltr'>tamquam</span> <span class='ocrx_word' id='word_1_107' title='bbox 848 1498 1026 1564; x_wconf 87' lang='lat' dir='ltr'>abdicanti:</span> 
     </span>
     <span class='ocr_line' id='line_1_16' title="bbox 65 1586 1081 1673; baseline 0.001 -22"><span class='ocrx_word' id='word_1_108' title='bbox 65 1587 211 1673; x_wconf 78' lang='lat' dir='ltr'>ignosce:</span> <span class='ocrx_word' id='word_1_109' title='bbox 228 1586 354 1652; x_wconf 81' lang='lat' dir='ltr'>iuvenis</span> <span class='ocrx_word' id='word_1_110' title='bbox 377 1589 438 1671; x_wconf 84' lang='lat' dir='ltr'>est3</span> <span class='ocrx_word' id='word_1_111' title='bbox 462 1586 624 1653; x_wconf 89' lang='lat' dir='ltr'>nonsatis</span> <span class='ocrx_word' id='word_1_112' title='bbox 639 1586 712 1670; x_wconf 80' lang='lat' dir='ltr'>(ei)</span> <span class='ocrx_word' id='word_1_113' title='bbox 727 1588 864 1671; x_wconf 89' lang='lat' dir='ltr'>roboris,</span> <span class='ocrx_word' id='word_1_114' title='bbox 882 1588 1026 1653; x_wconf 91' lang='lat' dir='ltr'>nondum</span> <span class='ocrx_word' id='word_1_115' title='bbox 1048 1602 1081 1652; x_wconf 80' lang='lat'>15</span> 
     </span>
     <span class='ocr_line' id='line_1_17' title="bbox 64 1675 1026 1760; baseline 0 -19"><span class='ocrx_word' id='word_1_116' title='bbox 64 1677 148 1742; x_wconf 88' lang='lat' dir='ltr'>satis</span> <span class='ocrx_word' id='word_1_117' title='bbox 156 1675 307 1742; x_wconf 83' lang='lat' dir='ltr'>iudicium</span> <span class='ocrx_word' id='word_1_118' title='bbox 317 1675 507 1741; x_wconf 87' lang='lat' dir='ltr'>confirmare</span> <span class='ocrx_word' id='word_1_119' title='bbox 518 1675 632 1760; x_wconf 90' lang='lat' dir='ltr'>potuit.</span> <span class='ocrx_word' id='word_1_120' title='bbox 652 1679 804 1743; x_wconf 83' lang='lat' dir='ltr'>ettamen</span> <span class='ocrx_word' id='word_1_121' title='bbox 819 1678 846 1741; x_wconf 91' lang='lat' dir='ltr'>si</span> <span class='ocrx_word' id='word_1_122' title='bbox 860 1676 1026 1742; x_wconf 86' lang='lat' dir='ltr'>faciendae</span> 
     </span>
     <span class='ocr_line' id='line_1_18' title="bbox 62 1765 1028 1851; baseline -0.002 -20"><span class='ocrx_word' id='word_1_123' title='bbox 62 1769 141 1831; x_wconf 87' lang='lat' dir='ltr'>sunt</span> <span class='ocrx_word' id='word_1_124' title='bbox 170 1765 339 1850; x_wconf 84' lang='lat' dir='ltr'>inpensae,</span> <span class='ocrx_word' id='word_1_125' title='bbox 377 1765 404 1828; x_wconf 91' lang='lat' dir='ltr'>si</span> <span class='ocrx_word' id='word_1_126' title='bbox 436 1765 633 1849; x_wconf 87' lang='lat' dir='ltr'>perdendum</span> <span class='ocrx_word' id='word_1_127' title='bbox 662 1765 799 1851; x_wconf 90' lang='lat' dir='ltr'>aliquid,</span> <span class='ocrx_word' id='word_1_128' title='bbox 829 1787 896 1831; x_wconf 94' lang='lat' dir='ltr'>non</span> <span class='ocrx_word' id='word_1_129' title='bbox 918 1770 1028 1850; x_wconf 88' lang='lat' dir='ltr'>potest</span> 
     </span>
     <span class='ocr_line' id='line_1_19' title="bbox 62 1853 1026 1939; baseline -0.002 -19"><span class='ocrx_word' id='word_1_130' title='bbox 62 1854 253 1921; x_wconf 92' lang='lat' dir='ltr'>honestiore</span> <span class='ocrx_word' id='word_1_131' title='bbox 276 1853 330 1920; x_wconf 83' lang='lat' dir='ltr'>via</span> <span class='ocrx_word' id='word_1_132' title='bbox 352 1853 535 1939; x_wconf 90' lang='lat' dir='ltr'>inpendere.</span> <span class='ocrx_word' id='word_1_133' title='bbox 579 1874 644 1919; x_wconf 91' lang='lat' dir='ltr'>non</span> <span class='ocrx_word' id='word_1_134' title='bbox 667 1854 891 1919; x_wconf 88' lang='lat' dir='ltr'>meretricibus</span> <span class='ocrx_word' id='word_1_135' title='bbox 915 1853 1026 1937; x_wconf 82' lang='lat' dir='ltr'>donat3</span> 
     </span>
     <span class='ocr_line' id='line_1_20' title="bbox 58 1941 1027 2030; baseline -0.005 -20"><span class='ocrx_word' id='word_1_136' title='bbox 58 1965 128 2010; x_wconf 93' lang='lat' dir='ltr'>non</span> <span class='ocrx_word' id='word_1_137' title='bbox 156 1944 192 2009; x_wconf 92' lang='lat' dir='ltr'>in</span> <span class='ocrx_word' id='word_1_138' title='bbox 217 1943 380 2030; x_wconf 88' lang='lat' dir='ltr'>parasitos</span> <span class='ocrx_word' id='word_1_139' title='bbox 407 1942 588 2027; x_wconf 85' lang='lat' dir='ltr'>profundit3</span> <span class='ocrx_word' id='word_1_140' title='bbox 621 1963 689 2007; x_wconf 92' lang='lat' dir='ltr'>non</span> <span class='ocrx_word' id='word_1_141' title='bbox 718 1942 770 2006; x_wconf 92' lang='lat' dir='ltr'>illi</span> <span class='ocrx_word' id='word_1_142' title='bbox 797 1961 916 2027; x_wconf 80' lang='lat' dir='ltr'>magno</span> <span class='ocrx_word' id='word_1_143' title='bbox 940 1941 1027 2026; x_wconf 91' lang='lat' dir='ltr'>cupi·</span> 
     </span>
     <span class='ocr_line' id='line_1_21' title="bbox 61 2030 1081 2115; baseline -0.006 -16"><span class='ocrx_word' id='word_1_144' title='bbox 61 2032 190 2099; x_wconf 89' lang='lat' dir='ltr'>didates</span> <span class='ocrx_word' id='word_1_145' title='bbox 209 2053 288 2098; x_wconf 88' lang='lat' dir='ltr'>suae</span> <span class='ocrx_word' id='word_1_146' title='bbox 303 2035 467 2098; x_wconf 84' lang='lat' dir='ltr'>coustant:</span> <span class='ocrx_word' id='word_1_147' title='bbox 483 2037 693 2115; x_wconf 84' lang='lat' dir='ltr'>sumptuosus</span> <span class='ocrx_word' id='word_1_148' title='bbox 708 2035 758 2096; x_wconf 87' lang='lat' dir='ltr'>est</span> <span class='ocrx_word' id='word_1_149' title='bbox 776 2030 1025 2097; x_wconf 88' lang='lat' dir='ltr'>misericordiae.</span> <span class='ocrx_word' id='word_1_150' title='bbox 1045 2044 1081 2094; x_wconf 81' lang='lat'>20</span> 
     </span>
    </p>

    <p class='ocr_par' dir='ltr' id='par_1_4' title="bbox 58 2119 1080 3103">
     <span class='ocr_line' id='line_1_22' title="bbox 129 2119 1027 2206; baseline -0.004 -19"><span class='ocrx_word' id='word_1_151' title='bbox 129 2121 227 2187; x_wconf 88' lang='lat' dir='ltr'>Libet</span> <span class='ocrx_word' id='word_1_152' title='bbox 254 2122 352 2187; x_wconf 90' lang='lat' dir='ltr'>etiam</span> <span class='ocrx_word' id='word_1_153' title='bbox 375 2140 494 2206; x_wconf 81' lang='lat' dir='ltr'>augere</span> <span class='ocrx_word' id='word_1_154' title='bbox 517 2121 639 2186; x_wconf 89' lang='lat' dir='ltr'>crimen</span> <span class='ocrx_word' id='word_1_155' title='bbox 662 2123 709 2204; x_wconf 88' lang='lat' dir='ltr'>et,</span> <span class='ocrx_word' id='word_1_156' title='bbox 736 2120 764 2185; x_wconf 92' lang='lat' dir='ltr'>si</span> <span class='ocrx_word' id='word_1_157' title='bbox 792 2142 856 2206; x_wconf 91' lang='lat' dir='ltr'>qua</span> <span class='ocrx_word' id='word_1_158' title='bbox 878 2119 1027 2186; x_wconf 89' lang='lat' dir='ltr'>nesciunt</span> 
     </span>
     <span class='ocr_line' id='line_1_23' title="bbox 63 2207 1026 2296; baseline -0.004 -18"><span class='ocrx_word' id='word_1_159' title='bbox 63 2207 285 2296; x_wconf 78' lang='lat' dir='ltr'>accusatores,</span> <span class='ocrx_word' id='word_1_160' title='bbox 306 2209 457 2277; x_wconf 88' lang='lat' dir='ltr'>indicare.</span> <span class='ocrx_word' id='word_1_161' title='bbox 502 2230 561 2275; x_wconf 87' lang='lat' dir='ltr'>vos</span> <span class='ocrx_word' id='word_1_162' title='bbox 585 2230 658 2276; x_wconf 88' lang='lat' dir='ltr'>eum</span> <span class='ocrx_word' id='word_1_163' title='bbox 682 2210 796 2296; x_wconf 77' lang='lat' dir='ltr'>largiri</span> <span class='ocrx_word' id='word_1_164' title='bbox 818 2213 948 2275; x_wconf 88' lang='lat' dir='ltr'>tantum</span> <span class='ocrx_word' id='word_1_165' title='bbox 971 2209 1026 2275; x_wconf 92' lang='lat' dir='ltr'>ab·</span> 
     </span>
     <span class='ocr_line' id='line_1_24' title="bbox 61 2298 1026 2386; baseline -0.005 -19"><span class='ocrx_word' id='word_1_166' title='bbox 61 2302 181 2367; x_wconf 87' lang='lat' dir='ltr'>dicatis</span> <span class='ocrx_word' id='word_1_167' title='bbox 194 2300 341 2386; x_wconf 82' lang='lat' dir='ltr'>putatis?</span> <span class='ocrx_word' id='word_1_168' title='bbox 351 2322 408 2364; x_wconf 74' lang='grc' dir='ltr'>-ε</span> <span class='ocrx_word' id='word_1_169' title='bbox 422 2300 484 2365; x_wconf 88' lang='lat' dir='ltr'>iste</span> <span class='ocrx_word' id='word_1_170' title='bbox 498 2299 620 2384; x_wconf 90' lang='lat' dir='ltr'>aliquid</span> <span class='ocrx_word' id='word_1_171' title='bbox 636 2303 669 2364; x_wconf 89' lang='lat' dir='ltr'>et</span> <span class='ocrx_word' id='word_1_172' title='bbox 681 2298 940 2365; x_wconf 88' lang='lat' dir='ltr'>mendicantibus</span> <span class='ocrx_word' id='word_1_173' title='bbox 955 2319 1026 2381; x_wconf 93' lang='lat' dir='ltr'>por-</span> 
     </span>
     <span class='ocr_line' id='line_1_25' title="bbox 61 2388 1025 2478; baseline -0.005 -22"><span class='ocrx_word' id='word_1_174' title='bbox 61 2390 156 2478; x_wconf 82' lang='lat' dir='ltr'>rigit3</span> <span class='ocrx_word' id='word_1_175' title='bbox 179 2390 244 2455; x_wconf 87' lang='lat' dir='ltr'>ist&#39;e</span> <span class='ocrx_word' id='word_1_176' title='bbox 256 2393 296 2455; x_wconf 76' lang='lat' dir='ltr'>&#39;et</span> <span class='ocrx_word' id='word_1_177' title='bbox 312 2390 443 2473; x_wconf 89' lang='lat' dir='ltr'>multos,</span> <span class='ocrx_word' id='word_1_178' title='bbox 461 2389 612 2454; x_wconf 85' lang='lat' dir='ltr'>fortunae</span> <span class='ocrx_word' id='word_1_179' title='bbox 631 2388 748 2453; x_wconf 89' lang='lat' dir='ltr'>iniuria</span> <span class='ocrx_word' id='word_1_180' title='bbox 762 2388 882 2472; x_wconf 90' lang='lat' dir='ltr'>lapsos,</span> <span class='ocrx_word' id='word_1_181' title='bbox 901 2390 1025 2452; x_wconf 89' lang='lat' dir='ltr'>susten·</span> 
     </span>
     <span class='ocr_line' id='line_1_26' title="bbox 58 2474 1080 2564; baseline -0.007 -18"><span class='ocrx_word' id='word_1_182' title='bbox 58 2486 112 2546; x_wconf 84' lang='lat' dir='ltr'>tat</span> <span class='ocrx_word' id='word_1_183' title='bbox 135 2479 364 2564; x_wconf 85' lang='lat' dir='ltr'>atque&#39;erigit.</span> <span class='ocrx_word' id='word_1_184' title='bbox 391 2478 491 2563; x_wconf 76' lang='lat' dir='ltr'>»quid</span> <span class='ocrx_word' id='word_1_185' title='bbox 514 2477 642 2559; x_wconf 87' lang='lat' dir='ltr'>faciam,</span> <span class='ocrx_word' id='word_1_186' title='bbox 666 2477 779 2560; x_wconf 85' lang='lat' dir='ltr'>inquit,</span> <span class='ocrx_word' id='word_1_187' title='bbox 803 2475 911 2541; x_wconf 86' lang='lat' dir='ltr'>animo</span> <span class='ocrx_word' id='word_1_188' title='bbox 930 2474 1026 2540; x_wconf 79' lang='lat' dir='ltr'>meo?</span> <span class='ocrx_word' id='word_1_189' title='bbox 1046 2489 1080 2539; x_wconf 72' lang='grc'>25</span> 
     </span>
     <span class='ocr_line' id='line_1_27' title="bbox 60 2564 1025 2656; baseline -0.007 -21"><span class='ocrx_word' id='word_1_190' title='bbox 60 2568 212 2656; x_wconf 87' lang='lat' dir='ltr'>quotiens</span> <span class='ocrx_word' id='word_1_191' title='bbox 236 2567 398 2634; x_wconf 83' lang='lat' dir='ltr'>infelicem</span> <span class='ocrx_word' id='word_1_192' title='bbox 421 2567 487 2632; x_wconf 79' lang='lat' dir='ltr'>vidi</span> <span class='ocrx_word' id='word_1_193' title='bbox 511 2567 651 2652; x_wconf 90' lang='lat' dir='ltr'>aliquem</span> <span class='ocrx_word' id='word_1_194' title='bbox 675 2571 709 2631; x_wconf 91' lang='lat' dir='ltr'>et</span> <span class='ocrx_word' id='word_1_195' title='bbox 731 2564 905 2631; x_wconf 88' lang='lat' dir='ltr'>necessarii</span> <span class='ocrx_word' id='word_1_196' title='bbox 924 2565 1025 2629; x_wconf 91' lang='lat' dir='ltr'>etiam</span> 
     </span>
     <span class='ocr_line' id='line_1_28' title="bbox 60 2653 1025 2744; baseline -0.008 -19"><span class='ocrx_word' id='word_1_197' title='bbox 60 2661 169 2726; x_wconf 81' lang='lat' dir='ltr'>victus</span> <span class='ocrx_word' id='word_1_198' title='bbox 193 2662 356 2744; x_wconf 81' lang='lat' dir='ltr'>egentem,</span> <span class='ocrx_word' id='word_1_199' title='bbox 384 2657 535 2722; x_wconf 88' lang='lat' dir='ltr'>lacrimas</span> <span class='ocrx_word' id='word_1_200' title='bbox 562 2660 672 2721; x_wconf 89' lang='lat' dir='ltr'>tenera</span> <span class='ocrx_word' id='word_1_201' title='bbox 696 2676 762 2720; x_wconf 92' lang='lat' dir='ltr'>non</span> <span class='ocrx_word' id='word_1_202' title='bbox 784 2675 929 2739; x_wconf 78' lang='lat' dir='ltr'>possum,</span> <span class='ocrx_word' id='word_1_203' title='bbox 973 2653 1025 2718; x_wconf 88' lang='lat' dir='ltr'>In-</span> 
     </span>
     <span class='ocr_line' id='line_1_29' title="bbox 61 2744 1025 2828; baseline -0.007 -14"><span class='ocrx_word' id='word_1_204' title='bbox 61 2748 184 2814; x_wconf 83' lang='lat' dir='ltr'>vidiam</span> <span class='ocrx_word' id='word_1_205' title='bbox 217 2747 298 2812; x_wconf 89' lang='lat' dir='ltr'>mihi</span> <span class='ocrx_word' id='word_1_206' title='bbox 337 2746 443 2812; x_wconf 87' lang='lat' dir='ltr'>facere</span> <span class='ocrx_word' id='word_1_207' title='bbox 473 2744 602 2811; x_wconf 81' lang='lat' dir='ltr'>videtur</span> <span class='ocrx_word' id='word_1_208' title='bbox 635 2744 867 2828; x_wconf 88' lang='lat' dir='ltr'>patrimonium</span> <span class='ocrx_word' id='word_1_209' title='bbox 903 2764 1025 2808; x_wconf 89' lang='lat' dir='ltr'>meum:</span> 
     </span>
     <span class='ocr_line' id='line_1_30' title="bbox 60 2833 1026 2923; baseline -0.009 -19"><span class='ocrx_word' id='word_1_210' title='bbox 60 2839 195 2923; x_wconf 89' lang='lat' dir='ltr'>pulsant</span> <span class='ocrx_word' id='word_1_211' title='bbox 213 2836 355 2902; x_wconf 87' lang='lat' dir='ltr'>frontem</span> <span class='ocrx_word' id='word_1_212' title='bbox 377 2857 483 2900; x_wconf 92' lang='lat' dir='ltr'>meam</span> <span class='ocrx_word' id='word_1_213' title='bbox 502 2834 712 2918; x_wconf 85' lang='lat' dir='ltr'>caeduntque,</span> <span class='ocrx_word' id='word_1_214' title='bbox 735 2833 864 2898; x_wconf 89' lang='lat' dir='ltr'>etiamsi</span> <span class='ocrx_word' id='word_1_215' title='bbox 885 2835 1026 2913; x_wconf 83' lang='lat' dir='ltr'>taceant,</span> 
     </span>
     <span class='ocr_line' id='line_1_31' title="bbox 61 2921 1079 3012; baseline -0.008 -19"><span class='ocrx_word' id='word_1_216' title='bbox 61 2929 134 3012; x_wconf 89' lang='lat' dir='ltr'>ipso</span> <span class='ocrx_word' id='word_1_217' title='bbox 159 2927 284 3011; x_wconf 89' lang='lat' dir='ltr'>habitu,</span> <span class='ocrx_word' id='word_1_218' title='bbox 306 2925 378 3009; x_wconf 86' lang='lat' dir='ltr'>ipsa</span> <span class='ocrx_word' id='word_1_219' title='bbox 400 2923 551 3008; x_wconf 89' lang='lat' dir='ltr'>tristitia,</span> <span class='ocrx_word' id='word_1_220' title='bbox 573 2923 645 3008; x_wconf 91' lang='lat' dir='ltr'>ipso</span> <span class='ocrx_word' id='word_1_221' title='bbox 669 2922 814 3007; x_wconf 75' lang='lat' dir='ltr'>silent103</span> <span class='ocrx_word' id='word_1_222' title='bbox 838 2921 894 2987; x_wconf 84' lang='lat' dir='ltr'>sed</span> <span class='ocrx_word' id='word_1_223' title='bbox 919 2925 952 2986; x_wconf 88' lang='lat' dir='ltr'>et</span> <span class='ocrx_word' id='word_1_224' title='bbox 974 2942 1024 2985; x_wconf 87' lang='lat' dir='ltr'>ro·</span> <span class='ocrx_word' id='word_1_225' title='bbox 1044 2935 1079 2985; x_wconf 84' lang='lat'>30</span> 
     </span>
     <span class='ocr_line' id='line_1_32' title="bbox 64 3010 1026 3103; baseline -0.009 -20"><span class='ocrx_word' id='word_1_226' title='bbox 64 3023 145 3103; x_wconf 82' lang='lat' dir='ltr'>gant</span> <span class='ocrx_word' id='word_1_227' title='bbox 164 3021 197 3083; x_wconf 88' lang='lat' dir='ltr'>et</span> <span class='ocrx_word' id='word_1_228' title='bbox 215 3015 451 3102; x_wconf 86' lang='lat' dir='ltr'>provolvuntur</span> <span class='ocrx_word' id='word_1_229' title='bbox 469 3014 509 3080; x_wconf 92' lang='lat' dir='ltr'>ad</span> <span class='ocrx_word' id='word_1_230' title='bbox 528 3034 642 3099; x_wconf 83' lang='lat' dir='ltr'>genua.</span> <span class='ocrx_word' id='word_1_231' title='bbox 670 3033 729 3077; x_wconf 89' lang='lat' dir='ltr'>nec</span> <span class='ocrx_word' id='word_1_232' title='bbox 742 3011 823 3077; x_wconf 92' lang='lat' dir='ltr'>mihi</span> <span class='ocrx_word' id='word_1_233' title='bbox 838 3010 897 3076; x_wconf 91' lang='lat' dir='ltr'>illa</span> <span class='ocrx_word' id='word_1_234' title='bbox 911 3010 1026 3075; x_wconf 87' lang='lat' dir='ltr'>saltem</span> 
     </span>
    </p>
   </div>
   <div class='ocr_carea' id='block_1_3' title="bbox 63 3185 1044 3550">
    <p class='ocr_par' dir='ltr' id='par_1_5' title="bbox 63 3185 1044 3550">
     <span class='ocr_line' id='line_1_33' title="bbox 135 3185 1026 3268; baseline -0.011 -20"><span class='ocrx_word' id='word_1_235' title='bbox 135 3199 152 3248; x_wconf 85' lang='grc'>6</span> <span class='ocrx_word' id='word_1_236' title='bbox 170 3190 283 3265; x_wconf 78' lang='lat' dir='ltr'>(nihil)</span> <span class='ocrx_word' id='word_1_237' title='bbox 294 3189 346 3246; x_wconf 80' lang='lat' dir='ltr'>Sela</span> <span class='ocrx_word' id='word_1_238' title='bbox 359 3191 369 3258; x_wconf 88' lang='grc'>11</span> <span class='ocrx_word' id='word_1_239' title='bbox 383 3194 399 3244; x_wconf 85' lang='lat'>8</span> <span class='ocrx_word' id='word_1_240' title='bbox 419 3188 519 3244; x_wconf 87' lang='lat' dir='ltr'>stultas</span> <span class='ocrx_word' id='word_1_241' title='bbox 535 3189 565 3243; x_wconf 87' lang='lat' dir='ltr'>et</span> <span class='ocrx_word' id='word_1_242' title='bbox 578 3191 669 3258; x_wconf 55' lang='lat' dir='ltr'>sup]</span> <span class='ocrx_word' id='word_1_243' title='bbox 684 3190 693 3258; x_wconf 86' lang='grc' dir='ltr'>ΙΙ</span> <span class='ocrx_word' id='word_1_244' title='bbox 709 3193 743 3243; x_wconf 86' lang='grc'>10</span> <span class='ocrx_word' id='word_1_245' title='bbox 760 3185 827 3268; x_wconf 70' lang='lat' dir='ltr'>imp</span> <span class='ocrx_word' id='word_1_246' title='bbox 845 3190 867 3238; x_wconf 99' lang='lat' dir='ltr'>A</span> <span class='ocrx_word' id='word_1_247' title='bbox 882 3187 891 3255; x_wconf 76' lang='lat' dir='ltr'>ll</span> <span class='ocrx_word' id='word_1_248' title='bbox 906 3189 939 3239; x_wconf 82' lang='lat'>13</span> <span class='ocrx_word' id='word_1_249' title='bbox 959 3200 1026 3254; x_wconf 83' lang='lat' dir='ltr'>ages</span> 
     </span>
     <span class='ocr_line' id='line_1_34' title="bbox 63 3256 1026 3334; baseline -0.008 -15"><span class='ocrx_word' id='word_1_250' title='bbox 63 3270 85 3318; x_wconf 99' lang='lat' dir='ltr'>A</span> <span class='ocrx_word' id='word_1_251' title='bbox 98 3266 108 3334; x_wconf 80' lang='grc'>11</span> <span class='ocrx_word' id='word_1_252' title='bbox 122 3280 193 3334; x_wconf 90' lang='lat' dir='ltr'>quos</span> <span class='ocrx_word' id='word_1_253' title='bbox 207 3264 304 3318; x_wconf 78' lang='lat' dir='ltr'>ade</span> <span class='ocrx_word' id='word_1_254' title='bbox 318 3265 328 3333; x_wconf 88' lang='grc' dir='ltr'>ΙΙ</span> <span class='ocrx_word' id='word_1_255' title='bbox 343 3267 376 3316; x_wconf 83' lang='lat'>14</span> <span class='ocrx_word' id='word_1_256' title='bbox 392 3267 424 3315; x_wconf 86' lang='grc' dir='ltr'>Ν</span> <span class='ocrx_word' id='word_1_257' title='bbox 440 3266 463 3314; x_wconf 89' lang='lat' dir='ltr'>A</span> <span class='ocrx_word' id='word_1_258' title='bbox 482 3263 486 3332; x_wconf 86' lang='grc' dir='ltr'>Ι</span> <span class='ocrx_word' id='word_1_259' title='bbox 502 3266 534 3315; x_wconf 82' lang='lat' dir='ltr'>lb</span> <span class='ocrx_word' id='word_1_260' title='bbox 548 3258 616 3332; x_wconf 81' lang='lat' dir='ltr'>(ei)</span> <span class='ocrx_word' id='word_1_261' title='bbox 630 3259 674 3314; x_wconf 86' lang='lat' dir='ltr'>Ro</span> <span class='ocrx_word' id='word_1_262' title='bbox 688 3259 697 3327; x_wconf 88' lang='grc' dir='ltr'>ΙΙ</span> <span class='ocrx_word' id='word_1_263' title='bbox 712 3265 745 3313; x_wconf 84' lang='grc'>16</span> <span class='ocrx_word' id='word_1_264' title='bbox 764 3256 861 3312; x_wconf 84' lang='lat' dir='ltr'>iudrcii</span> <span class='ocrx_word' id='word_1_265' title='bbox 879 3259 937 3324; x_wconf 79' lang='lat' dir='ltr'>An,</span> <span class='ocrx_word' id='word_1_266' title='bbox 956 3271 1026 3311; x_wconf 77' lang='lat' dir='ltr'>corr.</span> 
     </span>
     <span class='ocr_line' id='line_1_35' title="bbox 63 3327 1026 3407; baseline -0.011 -16"><span class='ocrx_word' id='word_1_267' title='bbox 63 3336 107 3394; x_wconf 84' lang='lat' dir='ltr'>Ro</span> <span class='ocrx_word' id='word_1_268' title='bbox 120 3339 130 3407; x_wconf 83' lang='grc' dir='ltr'>ΙΙ</span> <span class='ocrx_word' id='word_1_269' title='bbox 144 3341 179 3390; x_wconf 88' lang='grc'>20</span> <span class='ocrx_word' id='word_1_270' title='bbox 192 3332 384 3390; x_wconf 88' lang='lat' dir='ltr'>misericordia</span> <span class='ocrx_word' id='word_1_271' title='bbox 397 3336 463 3386; x_wconf 78' lang='lat' dir='ltr'>Aba</span> <span class='ocrx_word' id='word_1_272' title='bbox 482 3333 487 3401; x_wconf 81' lang='grc' dir='ltr'>Ι</span> <span class='ocrx_word' id='word_1_273' title='bbox 501 3338 533 3387; x_wconf 87' lang='grc'>21</span> <span class='ocrx_word' id='word_1_274' title='bbox 550 3331 626 3401; x_wconf 92' lang='lat' dir='ltr'>quod</span> <span class='ocrx_word' id='word_1_275' title='bbox 635 3334 666 3398; x_wconf 78' lang='lat' dir='ltr'>B,</span> <span class='ocrx_word' id='word_1_276' title='bbox 680 3329 847 3399; x_wconf 76' lang='lat' dir='ltr'>quidl&#39;l122</span> <span class='ocrx_word' id='word_1_277' title='bbox 861 3327 1026 3398; x_wconf 79' lang='lat' dir='ltr'>largitatum</span> 
     </span>
     <span class='ocr_line' id='line_1_36' title="bbox 64 3398 1026 3477; baseline -0.01 -15"><span class='ocrx_word' id='word_1_278' title='bbox 64 3413 86 3461; x_wconf 98' lang='lat' dir='ltr'>A</span> <span class='ocrx_word' id='word_1_279' title='bbox 109 3410 119 3477; x_wconf 84' lang='grc' dir='ltr'>ΙΙ</span> <span class='ocrx_word' id='word_1_280' title='bbox 143 3413 176 3462; x_wconf 81' lang='grc'>25</span> <span class='ocrx_word' id='word_1_281' title='bbox 197 3406 233 3462; x_wconf 89' lang='lat' dir='ltr'>ad</span> <span class='ocrx_word' id='word_1_282' title='bbox 252 3421 309 3476; x_wconf 85' lang='lat' dir='ltr'>qua</span> <span class='ocrx_word' id='word_1_283' title='bbox 326 3404 417 3474; x_wconf 84' lang='lat' dir='ltr'>eregit</span> <span class='ocrx_word' id='word_1_284' title='bbox 434 3409 475 3457; x_wconf 80' lang='lat' dir='ltr'>Aa</span> <span class='ocrx_word' id='word_1_285' title='bbox 488 3403 498 3472; x_wconf 83' lang='grc' dir='ltr'>ΙΙ</span> <span class='ocrx_word' id='word_1_286' title='bbox 512 3421 576 3458; x_wconf 88' lang='lat' dir='ltr'>cum</span> <span class='ocrx_word' id='word_1_287' title='bbox 594 3402 646 3458; x_wconf 86' lang='lat' dir='ltr'>fac.</span> <span class='ocrx_word' id='word_1_288' title='bbox 665 3405 686 3454; x_wconf 80' lang='lat' dir='ltr'>B</span> <span class='ocrx_word' id='word_1_289' title='bbox 700 3402 710 3471; x_wconf 77' lang='lat' dir='ltr'>ll</span> <span class='ocrx_word' id='word_1_290' title='bbox 724 3403 839 3455; x_wconf 86' lang='lat' dir='ltr'>autumo</span> <span class='ocrx_word' id='word_1_291' title='bbox 853 3415 916 3453; x_wconf 88' lang='lat' dir='ltr'>meo</span> <span class='ocrx_word' id='word_1_292' title='bbox 934 3401 955 3450; x_wconf 80' lang='lat' dir='ltr'>B</span> <span class='ocrx_word' id='word_1_293' title='bbox 969 3398 1026 3466; x_wconf 69' lang='lat' dir='ltr'>lto</span> 
     </span>
     <span class='ocr_line' id='line_1_37' title="bbox 65 3469 1044 3550; baseline -0.011 -18"><span class='ocrx_word' id='word_1_294' title='bbox 65 3486 96 3532; x_wconf 85' lang='grc' dir='ltr'>Ν</span> <span class='ocrx_word' id='word_1_295' title='bbox 108 3484 131 3532; x_wconf 88' lang='lat' dir='ltr'>A</span> <span class='ocrx_word' id='word_1_296' title='bbox 141 3482 155 3548; x_wconf 71' lang='lat' dir='ltr'>l)</span> <span class='ocrx_word' id='word_1_297' title='bbox 168 3477 288 3545; x_wconf 79' lang='lat' dir='ltr'>aliquaA</span> <span class='ocrx_word' id='word_1_298' title='bbox 300 3479 315 3546; x_wconf 74' lang='lat' dir='ltr'>ll</span> <span class='ocrx_word' id='word_1_299' title='bbox 326 3477 526 3547; x_wconf 78' lang='lat' dir='ltr'>27egentesAa</span> <span class='ocrx_word' id='word_1_300' title='bbox 539 3476 550 3548; x_wconf 78' lang='lat' dir='ltr'>ll</span> <span class='ocrx_word' id='word_1_301' title='bbox 564 3472 764 3534; x_wconf 68' lang='lat' dir='ltr'>devidentur</span> <span class='ocrx_word' id='word_1_302' title='bbox 776 3477 836 3549; x_wconf 69' lang='lat' dir='ltr'>ll‘l&#39;l</span> <span class='ocrx_word' id='word_1_303' title='bbox 847 3471 958 3550; x_wconf 62' lang='lat' dir='ltr'>cedunt</span> <span class='ocrx_word' id='word_1_304' title='bbox 965 3469 1044 3538; x_wconf 62' lang='lat' dir='ltr'>quim</span> 
     </span>
    </p>
   </div>
   <div class='ocr_carea' id='block_1_4' title="bbox 0 0 1208 3816">
    <p class='ocr_par' dir='ltr' id='par_1_6' title="bbox 0 0 1208 3816">
     <span class='ocr_line' id='line_1_38' title="bbox 0 0 1208 3816; baseline 0 0"><span class='ocrx_word' id='word_1_305' title='bbox 0 0 1208 3816; x_wconf 95' lang='lat' dir='ltr'> </span> 
     </span>
    </p>
   </div>
  </div>
 </body>
</html>
