2386 3816
360 143 679 201 DECLAMATIONES.
700 145 841 204 CCLXXI.
1015 150 1078 215 109

109 328 180 372 non
212 305 343 392 potuit?
383 307 495 373 horret
533 309 660 374 animus
700 312 877 398 recordari,
912 313 1080 398 refugiunt

111 394 343 481 cogitationes.
387 396 507 462 misera
535 398 612 483 quid
640 422 737 485 passa
760 401 826 466 est!
862 424 921 467 nec
945 425 1022 468 sane
1046 404 1080 468 in

110 505 215 551 causa
231 487 345 571 raptus
364 507 455 552 amor
473 487 545 571 fuit,
562 510 629 553 non
646 489 853 574 propositum
871 492 1080 577 matrimonii,

111 596 180 641 non
218 574 377 661 cupiditas
409 577 610 662 nuptiarum:
651 578 734 644 nihil
763 578 880 645 horum
912 581 1080 667 cogitavit,

112 665 173 749 qui
196 663 367 750 nesci<i>t,
391 687 488 750 quam
510 667 682 752 rapuisset.

505 842 709 912 ccum·

244 949 315 1016 Ter
339 948 450 1018 fortis
474 951 600 1031 contra
622 952 776 1019 tertium
798 952 944 1022 fortem.

113 1057 247 1142 Pauper
266 1062 298 1123 et
322 1059 411 1124 dives
435 1059 559 1125 inimici
582 1065 682 1125 erant.
719 1063 855 1146 pauperi
877 1085 960 1128 uuus
985 1063 1081 1146 filius,

206 1146 301 1213 diviti
315 1151 392 1213 tres.
423 1148 555 1214 fortiter
572 1155 801 1234 pugnaverunt
823 1151 974 1236 pauperis
994 1151 1080 1217 filius

207 1240 241 1302 et
272 1259 355 1302 unus
382 1259 422 1302 ex
449 1238 561 1303 divitis
588 1238 681 1322 filiis3
713 1261 730 1304 e
758 1238 830 1326 lege
857 1240 959 1306 fortes
983 1241 1135 1306 armis10

207 1326 451 1393 contenderunt.
483 1327 609 1393 occisus
633 1332 683 1393 est
705 1327 816 1394 divitis
834 1330 931 1396 filius.
963 1330 1082 1395 iterum

209 1415 294 1482 alter
323 1416 433 1481 divitis
460 1415 547 1483 filius
575 1439 648 1487 cum
675 1417 744 1483 filio
771 1420 923 1504 pauperis
951 1418 1082 1485 fortiter

209 1503 289 1570 fecit
307 1509 340 1569 et
358 1505 396 1570 de
415 1505 560 1590 praemio
580 1507 737 1573 dimicans
752 1508 877 1574 occisus
893 1512 951 1574 est.
984 1508 1081 1575 tertio

208 1592 298 1661 bello
323 1594 351 1658 is
377 1616 504 1680 quoque
532 1595 588 1679 qui
605 1595 753 1662 residuus
773 1602 844 1663 erat
860 1597 972 1663 divitis
994 1597 1081 1663 filius

210 1683 342 1750 fortiter
360 1682 447 1769 fecit,
467 1688 500 1749 et
517 1685 608 1751 idem.
620 1685 675 1751 ille
693 1686 847 1771 pauperis
865 1686 960 1752 filius.
993 1686 1081 1752 dives
1103 1698 1136 1748 15

207 1772 360 1858 prohibet
378 1772 482 1838 filium
499 1793 659 1859 pugnare:
677 1796 744 1841 non
761 1779 930 1860 parentem
944 1775 1083 1841 abdicat.

518 1931 692 1999 SERMO.

186 2041 299 2106 Prima
326 2040 385 2106 illa
413 2042 593 2107 communis
622 2040 771 2106 omnibus
801 2041 871 2106 fere
894 2063 934 2106 ex
957 2039 1085 2105 abdica-

117 2132 210 2198 tione
232 2130 448 2215 pendentibus
470 2130 701 2197 controversiis
725 2131 884 2215 quaestio,
909 2152 952 2195 an
977 2129 1085 2214 utique

119 2242 255 2288 necesse
283 2219 327 2285 sit
349 2219 455 2285 facere
478 2219 563 2303 filio,
589 2218 745 2304 quidquid
767 2223 859 2304 pater
881 2219 1027 2303 iusserit,
1050 2219 1138 2282 inco

120 2310 163 2376 iis
186 2315 298 2376 tamen
321 2308 562 2393 controversiis,
585 2309 703 2395 quibus
726 2307 765 2374 de
783 2309 950 2393 praesenti
969 2309 1086 2394 agitur,

121 2421 191 2466 non
213 2399 252 2464 de
275 2399 464 2483 praeterito.
496 2397 559 2464 duo
584 2399 671 2464 enim
694 2418 813 2484 genera
832 2397 922 2464 scitis
942 2418 1011 2464 esse
1031 2397 1086 2461 ab·

121 2488 336 2555 dicationum:
356 2491 414 2553 aut
432 2488 582 2572 obicitur,
601 2509 699 2573 quare
718 2487 832 2553 fecerit
850 2487 936 2552 filius
956 2485 1087 2570 aliquid,

124 2583 183 2645 aut
206 2577 360 2662 obicitur,
391 2599 489 2662 quare
517 2599 584 2643 non
604 2576 714 2643 faciat.
761 2577 907 2660 asperius
936 2578 985 2641 est
1007 2573 1087 2639 illud

123 2690 228 2756 genus
252 2666 511 2753 abdicationum,
537 2668 573 2732 in
596 2689 660 2751 quo
683 2666 749 2731 iam
774 2663 944 2751 praeteriit
966 2665 1088 2730 crimen
1107 2677 1141 2727 25

122 2780 184 2824 nec
208 2756 468 2824 emendationem
489 2755 616 2841 recipit.
660 2757 695 2821 in
712 2756 775 2821 hoc
793 2754 897 2819 lenius
916 2757 1088 2819 versantur

123 2852 236 2932 patres
268 2851 301 2912 et
328 2847 387 2912 filii
413 2845 512 2931 paulo
539 2845 688 2929 liberius,
717 2845 753 2909 in
781 2866 844 2929 quo
867 2847 918 2909 est
942 2843 1089 2908 emenda·

127 2937 257 3020 tioni[s]
281 2937 382 3002 locus.

198 3101 215 3149 3
233 3096 354 3164 raptus
374 3102 406 3149 Ν
426 3099 450 3146 Δ
469 3096 478 3165 11
499 3099 514 3148 5
533 3089 675 3235 uesci<ipt
695 3091 751 3148 Obr
767 3092 777 3161 11
797 3096 811 3147 7
831 3090 1016 3146 Declamatio.
1037 3090 1091 3144 Tar

124 3167 190 3222 fort.
210 3170 287 3218 Η
305 3168 315 3237 11
335 3172 368 3222 10
387 3181 402 3220 c
420 3164 458 3221 lic
477 3166 564 3221 fortes
583 3169 623 3217 Aa

127 3240 171 3293 est
189 3253 239 3293 om.
258 3241 279 3291 B
298 3238 307 3307 11
327 3242 361 3292 14
379 3254 490 3306 quoque
508 3237 532 3291 is
551 3241 636 3305 ABG,
655 3251 725 3291 corr.
743 3234 787 3290 Ro
805 3237 815 3306 11
835 3240 867 3289 15
890 3233 959 3288 fecit
977 3249 1026 3288 cm.
1046 3238 1070 3285 Δ
1084 3231 1093 3302 11

127 3310 197 3366 item
216 3308 283 3364 Itan
296 3310 305 3378 ΙΙ
320 3316 354 3364 23
373 3311 405 3363 ut
423 3309 467 3364 ob.
486 3313 516 3375 B,
535 3311 585 3363 aut
604 3326 667 3363 cum
686 3307 731 3363 ob.
750 3308 911 3377 01123—24
930 3320 1015 3374 quare
1034 3303 1053 3357 f.
1072 3301 1090 3357 f.

128 3399 154 3438 a.
164 3396 189 3437 a.
200 3380 321 3436 obicitur
334 3397 385 3437 om.
395 3385 436 3433 Aa
448 3382 457 3450 11
472 3386 507 3435 24
525 3397 584 3450 asp.
605 3383 633 3435 et
651 3377 692 3433 ill.
706 3383 750 3430 Bc
764 3377 773 3446 11
788 3383 822 3432 25
841 3376 977 3448 praeterit
994 3379 1067 3428 ΔΒο
1081 3375 1090 3443 11

127 3459 162 3509 27
182 3451 412 3523 emendationip]
432 3454 491 3508 Aer

670 3170 700 3219 11
721 3165 823 3219 iterum
842 3166 938 3218 autem
956 3162 982 3216 d.
1002 3162 1090 3230 0113
