2386 3816
295 145 611 202 DEOLAMATIONES.
632 145 822 202 CCCXXXVI.
976 147 1040 211 323

82 314 118 375 ut
154 313 191 373 tu
228 330 283 372 aes
321 309 460 373 alienum
492 307 596 392 patris
634 308 792 393 solveres,
828 330 942 395 eogere
979 330 1040 394 ego

80 403 191 463 tamen
213 401 246 462 te
273 419 340 462 non
366 400 527 480 poteram:
560 419 624 462 uua
647 397 767 462 solutio
792 402 862 463 erat
884 400 972 483 pacti
994 400 1041 463 in-

79 493 130 552 ter
156 509 217 551 nos
244 484 337 570 faeti,
369 490 407 550 ut
433 508 545 550 rursus
574 486 684 550 omnia
712 487 895 552 eommunia
925 492 1041 570 essent,

79 576 112 641 id
136 578 199 658 est,
227 578 320 639 utet
349 594 464 658 agrum
491 575 730 659 possideremus
759 579 791 639 et
819 597 873 641 aes
898 575 1040 640 alienum

81 665 143 729 duo
168 664 376 729 solveremus.
426 683 504 747 ergo
528 664 692 746 convenit,
724 667 761 728 ut
788 684 867 748 ager
889 667 964 728 tuus
992 665 1075 729 ita5

80 756 179 835 esset,
207 752 236 816 si
264 773 318 817 ees
347 752 489 816 alienum
517 751 673 817 solveres:
705 773 772 817 non
796 753 931 819 solvisti.
977 775 1040 837 quo

79 843 148 907 iure
176 841 339 906 vindicare
366 845 459 925 potes
488 862 560 906 eam
587 862 669 925 rem,
697 841 786 905 ouius
810 842 951 925 pretium
974 862 1040 906 non

80 930 219 996 dedisti?
254 928 361 1015 „Ideq
384 929 500 1014 inquit,
522 951 588 994 non
612 930 695 994 solvi
716 951 769 994 aes
790 930 941 1012 alienum,
964 930 1040 1013 quia

78 1039 182 1084 novae
210 1019 339 1083 tabulae
368 1016 638 1082 intervenerunt.“
684 1017 845 1102 Equidem
874 1019 1041 1104 querebar,

79 1106 164 1191 quod
187 1129 253 1172 non
276 1107 416 1172 solvisti:
442 1110 585 1172 eeterum
608 1107 691 1172 nihil
715 1129 786 1172 mea
809 1108 953 1190 interest,
977 1128 1040 1191 qua
1060 1121 1093 1171 10

79 1218 177 1262 eausa
195 1217 262 1260 non
291 1196 440 1279 solveris,
464 1217 537 1261 oum
560 1215 676 1279 agrum
699 1195 746 1261 ita
769 1196 897 1260 demum
920 1195 1040 1260 habere

78 1285 233 1368 potueris,
256 1285 284 1349 si
309 1285 472 1351 solvisses.
509 1284 577 1349 sive
600 1284 689 1350 istud
711 1286 769 1350 tua
787 1285 957 1350 voluntate
977 1284 1041 1349 fac·

77 1377 149 1438 tum
173 1377 223 1438 est
246 1374 313 1438 sive
336 1373 535 1439 liberalitate
559 1372 754 1439 creditorum
778 1372 845 1438 sive
867 1370 1040 1460 (1111111111-

77 1462 199 1526 festum
223 1460 287 1548 est)
306 1463 440 1546 publiea
457 1462 661 1546 necessitate,
683 1484 749 1528 non
768 1463 904 1527 solvisti.
935 1461 1040 1538 Quid?

78 1552 106 1616 si
135 1550 196 1616 hae
219 1551 351 1616 tabulae
374 1572 477 1617 novae
500 1554 570 1616 tam
592 1551 674 1615 mihi
697 1551 801 1616 saetae
825 1555 914 1632 sunt,
942 1572 1039 1636 quam
1059 1563 1092 1614 15

77 1640 160 1705 tibi‘?
202 1662 278 1704 nam
311 1639 361 1723 (ut
397 1641 495 1724 paulo
533 1643 608 1704 ente
642 1639 803 1727 dicebam)
836 1661 1039 1704 communem

79 1749 195 1814 agrum
214 1732 342 1794 constat
360 1729 470 1794 fuisse.
499 1734 593 1813 pater
611 1731 723 1794 noster
741 1731 947 1794 contraxerat
966 1749 1040 1793 eum

77 1818 204 1883 multis:
234 1839 300 1882 non
323 1817 486 1883 erubeseo.
531 1838 597 1881 non
619 1817 824 1882 retinendum
847 1836 962 1901 agrum
984 1814 1040 1878 ha·

77 1906 243 1970 bebamus.
266 1905 522 1990 habe<bamu>st
536 1927 676 1989 namque
696 1925 756 1988 ego
774 1905 836 1970 hoe
854 1905 936 1989 ipso,
954 1901 1041 1987 quod

77 1994 140 2059 tibi
167 1994 261 2079 cessi,
289 1995 455 2060 dominum
487 1994 548 2078 egi.
594 1995 697 2078 igitur
720 2015 794 2058 eum
818 2014 961 2057 essemus
985 1991 1039 2055 he·
1057 2006 1092 2054 20

76 2083 168 2148 redes
192 2083 294 2168 patris
317 2084 433 2168 nostri,
456 2082 624 2148 debuimus
648 2082 753 2148 ambo.
790 2081 824 2146 id
843 2082 890 2146 sie
909 2081 1040 2165 colligo·

76 2173 163 2257 finge
187 2194 257 2238 esse
281 2172 424 2257 aliquem
447 2193 486 2236 ex
504 2171 718 2237 creditoribus
737 2171 925 2254 petitorem:
948 2191 1040 2234 num·

77 2261 155 2346 quid
177 2266 287 2346 petere
311 2284 331 2326 a
358 2265 391 2326 te
408 2264 513 2326 totam
542 2282 701 2326 summam
728 2261 860 2345 potest?
898 2260 1040 2342 minime,

76 2354 113 2415 ut
144 2351 269 2435 opinor.
315 2351 396 2416 duos
425 2350 513 2415 enim
542 2353 636 2434 pater
658 2356 769 2415 noster
791 2349 875 2413 filios
898 2346 1041 2430 reliquit,

76 2444 109 2504 et
136 2460 268 2505 neeesse
297 2443 359 2518 est,
388 2440 472 2506 siout
498 2439 598 2521 bona,
625 2439 674 2502 ita
697 2459 796 2503 onere
819 2457 945 2522 quoque
969 2455 1039 2499 esse
1058 2447 1093 2499 25

75 2529 268 2594 eommunia.
312 2532 439 2613 partem
468 2548 545 2613 ergo
569 2532 605 2592 tu
621 2526 782 2612 debuisti,
809 2528 936 2611 partem
964 2544 1039 2609 eg03

76 2638 140 2701 quo
165 2617 374 2702 efficiebatur,
398 2621 435 2682 ut
456 2620 583 2702 partem
607 2616 758 2682 solveres.
795 2614 953 2680 faciamus
976 2611 1039 2677 hoo

75 2705 289 2771 manifestius.
345 2706 433 2792 finge
466 2727 536 2770 esse
569 2705 711 2789 aliquem
743 2725 783 2768 ex
815 2701 1039 2784 oreditoribus,

76 2795 132 2879 qui
155 2798 282 2879 partem
302 2795 417 2860 crediti
435 2794 524 2859 suia
547 2815 599 2858 me
618 2797 723 2876 petat:
748 2791 824 2876 quid
842 2789 1037 2875 respondere

74 2884 230 2968 possum?
259 2904 397 2969 »agrum
419 2883 514 2947 fratri
538 2882 623 2967 dedi;
648 2882 845 2946 cumfratre
868 2901 940 2945 meo
965 2901 1038 2945 eon·
1057 2893 1092 2943 30

74 2974 165 3038 venit
183 2973 273 3056 mihi,
292 2977 328 3038 ut
346 2973 402 3037 1111
421 2971 592 3037 solveret«.
629 2993 707 3036 num
726 2969 858 3035 dubium
877 2973 937 3056 est,
960 2968 1039 3053 quin

149 3227 162 3274 1
182 3219 258 3289 patri
277 3219 393 3275 solveris
413 3223 462 3271 ΑΒ
487 3219 497 3287 11
520 3224 535 3273 2
564 3218 593 3272 te
612 3222 707 3273 lamen
725 3221 746 3270 B
768 3219 778 3287 11
801 3223 816 3272 ‘1
836 3234 863 3286 p.
883 3214 963 3268 illam
981 3227 1039 3266 rem

73 3295 113 3344 Ba
127 3295 135 3362 11
154 3297 171 3346 9
191 3291 352 3359 etquidem
371 3293 434 3360 abu
449 3295 481 3343 11
501 3288 544 3343 ita
556 3292 642 3346 111113
660 3291 669 3357 11
689 3294 722 3343 19
741 3288 923 3342 habebamus.
943 3282 1040 3349 habes,

75 3379 197 3431 namque
216 3364 275 3420 edd.
295 3379 344 3418 aee.
363 3366 425 3432 AB,
444 3378 513 3418 corr.
525 3360 584 3425 Io,-
604 3360 788 3426 habebamus,
805 3357 890 3412 ambo
907 3355 1052 3432 beraeam.

73 3434 239 3504 1111111116
258 3436 291 3488 tu
306 3434 372 3503 dp.
389 3449 442 3505 ego
460 3449 511 3491 1111.
527 3433 638 3506 Δ11121
662 3431 812 3488 ellreiebar
826 3429 932 3496 abso
947 3421 1073 3476 bebi-ss

849 3513 914 3573 ‘N‘
