<?xml version="1.0" encoding="UTF-8"?>
<!DOCTYPE html PUBLIC "-//W3C//DTD XHTML 1.0 Transitional//EN"
    "http://www.w3.org/TR/xhtml1/DTD/xhtml1-transitional.dtd">
<html xmlns="http://www.w3.org/1999/xhtml" xml:lang="en" lang="en">
 <head>
  <title>
</title>
<meta http-equiv="Content-Type" content="text/html;charset=utf-8" />
  <meta name='ocr-system' content='tesseract 3.04.00' />
  <meta name='ocr-capabilities' content='ocr_page ocr_carea ocr_par ocr_line ocrx_word'/>
</head>
<body>
  <div class='ocr_page' id='page_1' title='image "./mfabiiquintilia01rittgoog_0428.png"; bbox 0 0 2386 3816; ppageno 0'>
   <div class='ocr_carea' id='block_1_1' title="bbox 363 184 1072 255">
    <p class='ocr_par' dir='ltr' id='par_1_1' title="bbox 363 184 1072 255">
     <span class='ocr_line' id='line_1_1' title="bbox 363 184 1072 255; baseline 0.025 -17"><span class='ocrx_word' id='word_1_1' title='bbox 363 184 680 242; x_wconf 75' lang='lat' dir='ltr'><strong>nnonsnsnonns.</strong></span> <span class='ocrx_word' id='word_1_2' title='bbox 701 184 837 244; x_wconf 75' lang='lat' dir='ltr'><strong>ccccxi.</strong></span> <span class='ocrx_word' id='word_1_3' title='bbox 1008 190 1072 255; x_wconf 86' lang='lat'><strong>393</strong></span> 
     </span>
    </p>
   </div>
   <div class='ocr_carea' id='block_1_2' title="bbox 370 327 678 451">
    <p class='ocr_par' dir='ltr' id='par_1_2' title="bbox 370 327 678 451">
     <span class='ocr_line' id='line_1_2' title="bbox 370 327 678 451; baseline 0.006 -2"><span class='ocrx_word' id='word_1_4' title='bbox 370 327 378 335; x_wconf 20' lang='grc' dir='ltr'>ν</span> <span class='ocrx_word' id='word_1_5' title='bbox 505 382 678 451; x_wconf 81' lang='lat' dir='ltr'>SERMO.</span> 
     </span>
    </p>
   </div>
   <div class='ocr_carea' id='block_1_3' title="bbox 110 506 1104 948">
    <p class='ocr_par' dir='ltr' id='par_1_3' title="bbox 114 506 1070 681">
     <span class='ocr_line' id='line_1_3' title="bbox 180 506 1070 593; baseline 0.009 -21"><span class='ocrx_word' id='word_1_6' title='bbox 180 506 467 593; x_wconf 79' lang='lat' dir='ltr'><strong>Circumscriptam</strong></span> <span class='ocrx_word' id='word_1_7' title='bbox 492 531 525 573; x_wconf 90' lang='lat' dir='ltr'><strong>se</strong></span> <span class='ocrx_word' id='word_1_8' title='bbox 547 532 648 575; x_wconf 88' lang='lat' dir='ltr'><strong>nurus</strong></span> <span class='ocrx_word' id='word_1_9' title='bbox 672 514 823 593; x_wconf 85' lang='lat' dir='ltr'><strong>queretur</strong></span> <span class='ocrx_word' id='word_1_10' title='bbox 847 513 937 578; x_wconf 90' lang='lat' dir='ltr'><strong>etin</strong></span> <span class='ocrx_word' id='word_1_11' title='bbox 955 514 1070 580; x_wconf 91' lang='lat' dir='ltr'><strong>ultimo</strong></span> 
     </span>
     <span class='ocr_line' id='line_1_4' title="bbox 114 599 973 681; baseline 0.006 -20"><span class='ocrx_word' id='word_1_12' title='bbox 114 600 256 681; x_wconf 86' lang='lat' dir='ltr'><strong>quaeret,</strong></span> <span class='ocrx_word' id='word_1_13' title='bbox 279 599 313 662; x_wconf 91' lang='lat' dir='ltr'><strong>in</strong></span> <span class='ocrx_word' id='word_1_14' title='bbox 333 620 429 681; x_wconf 91' lang='lat' dir='ltr'><strong>quem</strong></span> <span class='ocrx_word' id='word_1_15' title='bbox 452 620 546 662; x_wconf 90' lang='lat' dir='ltr'><strong>usum</strong></span> <span class='ocrx_word' id='word_1_16' title='bbox 570 621 651 664; x_wconf 89' lang='lat' dir='ltr'><strong>anus</strong></span> <span class='ocrx_word' id='word_1_17' title='bbox 675 600 784 666; x_wconf 88' lang='lat' dir='ltr'><strong>dotem</strong></span> <span class='ocrx_word' id='word_1_18' title='bbox 807 601 973 667; x_wconf 79' lang='lat' dir='ltr'><strong>desideret.</strong></span> 
     </span>
    </p>

    <p class='ocr_par' dir='ltr' id='par_1_4' title="bbox 110 685 1104 948">
     <span class='ocr_line' id='line_1_5' title="bbox 181 685 1070 768; baseline 0.003 -16"><span class='ocrx_word' id='word_1_19' title='bbox 181 685 304 752; x_wconf 79' lang='lat' dir='ltr'><strong>Contra</strong></span> <span class='ocrx_word' id='word_1_20' title='bbox 327 686 385 751; x_wconf 86' lang='lat' dir='ltr'><strong>illa</strong></span> <span class='ocrx_word' id='word_1_21' title='bbox 407 686 500 768; x_wconf 87' lang='lat' dir='ltr'><strong>dicct,</strong></span> <span class='ocrx_word' id='word_1_22' title='bbox 521 688 606 753; x_wconf 89' lang='lat' dir='ltr'><strong>hanc</strong></span> <span class='ocrx_word' id='word_1_23' title='bbox 623 689 790 754; x_wconf 89' lang='lat' dir='ltr'><strong>mulierem</strong></span> <span class='ocrx_word' id='word_1_24' title='bbox 811 690 1018 756; x_wconf 79' lang='lat' dir='ltr'><strong>ambitiosam</strong></span> <span class='ocrx_word' id='word_1_25' title='bbox 1038 695 1070 755; x_wconf 90' lang='lat' dir='ltr'><strong>et</strong></span> 
     </span>
     <span class='ocr_line' id='line_1_6' title="bbox 111 775 1104 865; baseline 0.008 -27"><span class='ocrx_word' id='word_1_26' title='bbox 111 775 279 859; x_wconf 81' lang='lat' dir='ltr'><strong>profusam</strong></span> <span class='ocrx_word' id='word_1_27' title='bbox 293 775 408 840; x_wconf 87' lang='lat' dir='ltr'><strong>fuisse:</strong></span> <span class='ocrx_word' id='word_1_28' title='bbox 423 797 489 840; x_wconf 92' lang='lat' dir='ltr'><strong>non</strong></span> <span class='ocrx_word' id='word_1_29' title='bbox 503 776 635 842; x_wconf 88' lang='lat' dir='ltr'><strong>minime</strong></span> <span class='ocrx_word' id='word_1_30' title='bbox 649 781 823 863; x_wconf 87' lang='lat' dir='ltr'><strong>propterea</strong></span> <span class='ocrx_word' id='word_1_31' title='bbox 837 779 878 843; x_wconf 87' lang='lat' dir='ltr'><strong>ad</strong></span> <span class='ocrx_word' id='word_1_32' title='bbox 892 782 1069 865; x_wconf 85' lang='lat' dir='ltr'><strong>egestatem</strong></span> <span class='ocrx_word' id='word_1_33' title='bbox 1088 797 1104 846; x_wconf 80' lang='lat'>5</span> 
     </span>
     <span class='ocr_line' id='line_1_7' title="bbox 110 863 439 948; baseline 0.006 -20"><span class='ocrx_word' id='word_1_34' title='bbox 110 866 302 948; x_wconf 87' lang='lat' dir='ltr'><strong>perductum</strong></span> <span class='ocrx_word' id='word_1_35' title='bbox 326 863 439 931; x_wconf 87' lang='lat' dir='ltr'><strong>virum.</strong></span> 
     </span>
    </p>
   </div>
   <div class='ocr_carea' id='block_1_4' title="bbox 387 1035 890 1109">
    <p class='ocr_par' dir='ltr' id='par_1_5' title="bbox 387 1035 890 1109">
     <span class='ocr_line' id='line_1_8' title="bbox 387 1035 890 1109; baseline 0.012 -4"><span class='ocrx_word' id='word_1_36' title='bbox 387 1035 396 1043; x_wconf 69' lang='grc'><strong>’</strong></span> <span class='ocrx_word' id='word_1_37' title='bbox 424 1038 760 1109; x_wconf 81' lang='lat' dir='ltr'><strong>DECLAMATIO.</strong></span> <span class='ocrx_word' id='word_1_38' title='bbox 875 1050 890 1079; x_wconf 73' lang='lat'><strong>⁴</strong></span> 
     </span>
    </p>
   </div>
   <div class='ocr_carea' id='block_1_5' title="bbox 111 1163 1072 1337">
    <p class='ocr_par' dir='ltr' id='par_1_6' title="bbox 111 1163 1072 1337">
     <span class='ocr_line' id='line_1_9' title="bbox 178 1163 1072 1254; baseline 0.006 -25"><span class='ocrx_word' id='word_1_39' title='bbox 178 1163 288 1230; x_wconf 85' lang='lat' dir='ltr'><strong>Nurus</strong></span> <span class='ocrx_word' id='word_1_40' title='bbox 317 1163 446 1250; x_wconf 86' lang='lat' dir='ltr'><strong>oportet</strong></span> <span class='ocrx_word' id='word_1_41' title='bbox 474 1189 493 1231; x_wconf 88' lang='lat' dir='ltr'><strong>a</strong></span> <span class='ocrx_word' id='word_1_42' title='bbox 521 1168 591 1232; x_wconf 84' lang='lat' dir='ltr'><strong>viro</strong></span> <span class='ocrx_word' id='word_1_43' title='bbox 615 1170 724 1239; x_wconf 83' lang='lat' dir='ltr'><strong>dotem</strong></span> <span class='ocrx_word' id='word_1_44' title='bbox 747 1172 887 1254; x_wconf 86' lang='lat' dir='ltr'><strong>repetat,</strong></span> <span class='ocrx_word' id='word_1_45' title='bbox 918 1191 1028 1235; x_wconf 87' lang='lat' dir='ltr'><strong>socrus</strong></span> <span class='ocrx_word' id='word_1_46' title='bbox 1053 1192 1072 1234; x_wconf 86' lang='lat' dir='ltr'><strong>a</strong></span> 
     </span>
     <span class='ocr_line' id='line_1_10' title="bbox 111 1253 316 1337; baseline 0.01 -20"><span class='ocrx_word' id='word_1_47' title='bbox 111 1253 316 1337; x_wconf 88' lang='lat' dir='ltr'><strong>patrimonio.</strong></span> 
     </span>
    </p>
   </div>
   <div class='ocr_carea' id='block_1_6' title="bbox 310 1431 1124 1644">
    <p class='ocr_par' dir='ltr' id='par_1_7' title="bbox 310 1431 1124 1644">
     <span class='ocr_line' id='line_1_11' title="bbox 503 1431 1124 1505; baseline 0.006 -5"><span class='ocrx_word' id='word_1_48' title='bbox 503 1431 684 1502; x_wconf 78' lang='lat' dir='ltr'><strong>eoem.</strong></span> <span class='ocrx_word' id='word_1_49' title='bbox 1091 1455 1124 1505; x_wconf 89' lang='lat'><strong>10</strong></span> 
     </span>
     <span class='ocr_line' id='line_1_12' title="bbox 310 1556 875 1644; baseline 0.005 -21"><span class='ocrx_word' id='word_1_50' title='bbox 310 1556 476 1641; x_wconf 81' lang='lat' dir='ltr'><strong>Depositi</strong></span> <span class='ocrx_word' id='word_1_51' title='bbox 499 1558 597 1642; x_wconf 88' lang='lat' dir='ltr'><strong>rapti</strong></span> <span class='ocrx_word' id='word_1_52' title='bbox 620 1557 875 1644; x_wconf 85' lang='lat' dir='ltr'><strong>quadruplum.</strong></span> 
     </span>
    </p>
   </div>
   <div class='ocr_carea' id='block_1_7' title="bbox 110 1679 1124 2037">
    <p class='ocr_par' dir='ltr' id='par_1_8' title="bbox 110 1679 1124 2037">
     <span class='ocr_line' id='line_1_13' title="bbox 110 1679 1070 1769; baseline 0.004 -21"><span class='ocrx_word' id='word_1_53' title='bbox 110 1679 177 1758; x_wconf 77' lang='lat' dir='ltr'><strong>QUI</strong></span> <span class='ocrx_word' id='word_1_54' title='bbox 190 1699 391 1749; x_wconf 74' lang='lat' dir='ltr'><strong>nonoslnun</strong></span> <span class='ocrx_word' id='word_1_55' title='bbox 405 1701 630 1769; x_wconf 74' lang='lat' dir='ltr'><strong>Pnanlnnnln,</strong></span> <span class='ocrx_word' id='word_1_56' title='bbox 644 1703 750 1749; x_wconf 75' lang='lat' dir='ltr'><strong>monn</strong></span> <span class='ocrx_word' id='word_1_57' title='bbox 770 1704 816 1749; x_wconf 76' lang='lat' dir='ltr'><strong>nn</strong></span> <span class='ocrx_word' id='word_1_58' title='bbox 836 1703 902 1751; x_wconf 78' lang='lat'>81131</span> <span class='ocrx_word' id='word_1_59' title='bbox 919 1704 1070 1753; x_wconf 72' lang='lat' dir='ltr'><strong>HanAT.</strong></span> 
     </span>
     <span class='ocr_line' id='line_1_14' title="bbox 199 1768 1070 1857; baseline 0.006 -22"><span class='ocrx_word' id='word_1_60' title='bbox 199 1768 337 1847; x_wconf 85' lang='lat' dir='ltr'><strong>Quidam</strong></span> <span class='ocrx_word' id='word_1_61' title='bbox 356 1794 430 1839; x_wconf 89' lang='lat' dir='ltr'><strong>cum</strong></span> <span class='ocrx_word' id='word_1_62' title='bbox 449 1773 631 1857; x_wconf 88' lang='lat' dir='ltr'><strong>depositum</strong></span> <span class='ocrx_word' id='word_1_63' title='bbox 650 1773 738 1839; x_wconf 73' lang='lat' dir='ltr'><strong>santo</strong></span> <span class='ocrx_word' id='word_1_64' title='bbox 753 1775 925 1857; x_wconf 88' lang='lat' dir='ltr'><strong>amisisset,</strong></span> <span class='ocrx_word' id='word_1_65' title='bbox 943 1775 1070 1841; x_wconf 84' lang='lat' dir='ltr'><strong>iuravit.</strong></span> 
     </span>
     <span class='ocr_line' id='line_1_15' title="bbox 199 1860 1071 1948; baseline 0.006 -24"><span class='ocrx_word' id='word_1_66' title='bbox 199 1863 314 1943; x_wconf 84' lang='lat' dir='ltr'><strong>postea</strong></span> <span class='ocrx_word' id='word_1_67' title='bbox 349 1860 454 1928; x_wconf 84' lang='lat' dir='ltr'><strong>furem</strong></span> <span class='ocrx_word' id='word_1_68' title='bbox 486 1862 667 1927; x_wconf 85' lang='lat' dir='ltr'><strong>damnavit:</strong></span> <span class='ocrx_word' id='word_1_69' title='bbox 705 1863 816 1948; x_wconf 81' lang='lat' dir='ltr'><strong>exegit</strong></span> <span class='ocrx_word' id='word_1_70' title='bbox 847 1862 1071 1948; x_wconf 85' lang='lat' dir='ltr'><strong>quadruplum.</strong></span> 
     </span>
     <span class='ocr_line' id='line_1_16' title="bbox 201 1948 1124 2037; baseline 0.005 -25"><span class='ocrx_word' id='word_1_71' title='bbox 201 1948 350 2015; x_wconf 88' lang='lat' dir='ltr'><strong>dominus</strong></span> <span class='ocrx_word' id='word_1_72' title='bbox 372 1950 436 2016; x_wconf 91' lang='lat' dir='ltr'><strong>hoc</strong></span> <span class='ocrx_word' id='word_1_73' title='bbox 459 1973 587 2037; x_wconf 88' lang='lat' dir='ltr'><strong>quoque</strong></span> <span class='ocrx_word' id='word_1_74' title='bbox 609 1951 700 2035; x_wconf 84' lang='lat' dir='ltr'><strong>petit</strong></span> <span class='ocrx_word' id='word_1_75' title='bbox 1091 1967 1124 2017; x_wconf 80' lang='lat'><strong>15</strong></span> 
     </span>
    </p>
   </div>
   <div class='ocr_carea' id='block_1_8' title="bbox 421 2125 759 2195">
    <p class='ocr_par' dir='ltr' id='par_1_9' title="bbox 421 2125 759 2195">
     <span class='ocr_line' id='line_1_17' title="bbox 421 2125 759 2195; baseline 0.003 -2"><span class='ocrx_word' id='word_1_76' title='bbox 421 2125 759 2195; x_wconf 77' lang='lat' dir='ltr'><strong>DECLAMATIO.</strong></span> 
     </span>
    </p>
   </div>
   <div class='ocr_carea' id='block_1_9' title="bbox 108 2248 1122 2956">
    <p class='ocr_par' dir='ltr' id='par_1_10' title="bbox 108 2248 1122 2956">
     <span class='ocr_line' id='line_1_18' title="bbox 177 2248 1070 2338; baseline 0.003 -23"><span class='ocrx_word' id='word_1_77' title='bbox 177 2248 269 2316; x_wconf 84' lang='lat' dir='ltr'><strong>Meae</strong></span> <span class='ocrx_word' id='word_1_78' title='bbox 294 2253 449 2336; x_wconf 87' lang='lat' dir='ltr'><strong>pecuniae</strong></span> <span class='ocrx_word' id='word_1_79' title='bbox 472 2253 613 2317; x_wconf 81' lang='lat' dir='ltr'><strong>accessio</strong></span> <span class='ocrx_word' id='word_1_80' title='bbox 638 2252 679 2317; x_wconf 88' lang='lat' dir='ltr'><strong>ad</strong></span> <span class='ocrx_word' id='word_1_81' title='bbox 701 2274 752 2317; x_wconf 89' lang='lat' dir='ltr'><strong>me</strong></span> <span class='ocrx_word' id='word_1_82' title='bbox 775 2252 924 2336; x_wconf 84' lang='lat' dir='ltr'><strong>pertinet.</strong></span> <span class='ocrx_word' id='word_1_83' title='bbox 969 2252 1070 2338; x_wconf 80' lang='lat' dir='ltr'><strong>quid?</strong></span> 
     </span>
     <span class='ocr_line' id='line_1_19' title="bbox 111 2339 1069 2429; baseline 0.004 -27"><span class='ocrx_word' id='word_1_84' title='bbox 111 2339 138 2403; x_wconf 92' lang='lat' dir='ltr'><strong>si</strong></span> <span class='ocrx_word' id='word_1_85' title='bbox 167 2339 252 2404; x_wconf 92' lang='lat' dir='ltr'><strong>enim</strong></span> <span class='ocrx_word' id='word_1_86' title='bbox 281 2341 431 2426; x_wconf 83' lang='lat' dir='ltr'><strong>cognitor</strong></span> <span class='ocrx_word' id='word_1_87' title='bbox 458 2363 564 2426; x_wconf 84' lang='lat' dir='ltr'><strong>meus,</strong></span> <span class='ocrx_word' id='word_1_88' title='bbox 596 2340 696 2429; x_wconf 85' lang='lat' dir='ltr'><strong>qnid?</strong></span> <span class='ocrx_word' id='word_1_89' title='bbox 733 2342 761 2406; x_wconf 92' lang='lat' dir='ltr'><strong>si</strong></span> <span class='ocrx_word' id='word_1_90' title='bbox 788 2345 981 2424; x_wconf 85' lang='lat' dir='ltr'><strong>procurator</strong></span> <span class='ocrx_word' id='word_1_91' title='bbox 1007 2341 1069 2406; x_wconf 91' lang='lat' dir='ltr'><strong>hoc</strong></span> 
     </span>
     <span class='ocr_line' id='line_1_20' title="bbox 109 2426 1070 2516; baseline 0.003 -25"><span class='ocrx_word' id='word_1_92' title='bbox 109 2426 196 2494; x_wconf 92' lang='lat' dir='ltr'><strong>idem</strong></span> <span class='ocrx_word' id='word_1_93' title='bbox 218 2428 437 2514; x_wconf 80' lang='lat' dir='ltr'><strong>respondeat?</strong></span> <span class='ocrx_word' id='word_1_94' title='bbox 466 2429 617 2515; x_wconf 87' lang='lat' dir='ltr'><strong>denique,</strong></span> <span class='ocrx_word' id='word_1_95' title='bbox 642 2429 738 2516; x_wconf 79' lang='lat' dir='ltr'><strong>quid?</strong></span> <span class='ocrx_word' id='word_1_96' title='bbox 771 2430 803 2493; x_wconf 88' lang='lat' dir='ltr'><strong>si</strong></span> <span class='ocrx_word' id='word_1_97' title='bbox 823 2429 995 2494; x_wconf 88' lang='lat' dir='ltr'><strong>damnatus</strong></span> <span class='ocrx_word' id='word_1_98' title='bbox 1018 2429 1070 2494; x_wconf 88' lang='lat' dir='ltr'><strong>fur</strong></span> 
     </span>
     <span class='ocr_line' id='line_1_21' title="bbox 109 2516 1122 2602; baseline 0.002 -22"><span class='ocrx_word' id='word_1_99' title='bbox 109 2538 178 2581; x_wconf 89' lang='lat' dir='ltr'><strong>non</strong></span> <span class='ocrx_word' id='word_1_100' title='bbox 195 2521 304 2582; x_wconf 88' lang='lat' dir='ltr'><strong>totum</strong></span> <span class='ocrx_word' id='word_1_101' title='bbox 323 2516 498 2583; x_wconf 76' lang='lat' dir='ltr'><strong>solvisset?</strong></span> <span class='ocrx_word' id='word_1_102' title='bbox 531 2540 646 2602; x_wconf 89' lang='lat' dir='ltr'><strong>nempe</strong></span> <span class='ocrx_word' id='word_1_103' title='bbox 674 2539 781 2582; x_wconf 87' lang='lat' dir='ltr'><strong>meum</strong></span> <span class='ocrx_word' id='word_1_104' title='bbox 810 2518 963 2582; x_wconf 89' lang='lat' dir='ltr'><strong>damnum</strong></span> <span class='ocrx_word' id='word_1_105' title='bbox 992 2523 1069 2585; x_wconf 88' lang='lat' dir='ltr'><strong>erat.</strong></span> <span class='ocrx_word' id='word_1_106' title='bbox 1088 2518 1122 2567; x_wconf 80' lang='lat'><strong>20</strong></span> 
     </span>
     <span class='ocr_line' id='line_1_22' title="bbox 109 2607 1069 2689; baseline 0.004 -20"><span class='ocrx_word' id='word_1_107' title='bbox 109 2626 152 2669; x_wconf 84' lang='lat' dir='ltr'><strong>an</strong></span> <span class='ocrx_word' id='word_1_108' title='bbox 173 2607 332 2671; x_wconf 87' lang='lat' dir='ltr'><strong>iacturam</strong></span> <span class='ocrx_word' id='word_1_109' title='bbox 351 2607 453 2673; x_wconf 87' lang='lat' dir='ltr'><strong>debeo</strong></span> <span class='ocrx_word' id='word_1_110' title='bbox 472 2608 601 2689; x_wconf 84' lang='lat' dir='ltr'><strong>sentire,</strong></span> <span class='ocrx_word' id='word_1_111' title='bbox 624 2607 841 2672; x_wconf 88' lang='lat' dir='ltr'><strong>accessionem</strong></span> <span class='ocrx_word' id='word_1_112' title='bbox 859 2628 926 2672; x_wconf 93' lang='lat' dir='ltr'><strong>non</strong></span> <span class='ocrx_word' id='word_1_113' title='bbox 945 2607 1069 2673; x_wconf 79' lang='lat' dir='ltr'><strong>debeo?</strong></span> 
     </span>
     <span class='ocr_line' id='line_1_23' title="bbox 111 2695 1070 2782; baseline 0.003 -24"><span class='ocrx_word' id='word_1_114' title='bbox 111 2715 171 2778; x_wconf 84' lang='lat' dir='ltr'><strong>ego</strong></span> <span class='ocrx_word' id='word_1_115' title='bbox 196 2695 283 2759; x_wconf 91' lang='lat' dir='ltr'><strong>enim</strong></span> <span class='ocrx_word' id='word_1_116' title='bbox 306 2718 326 2760; x_wconf 88' lang='lat' dir='ltr'><strong>a</strong></span> <span class='ocrx_word' id='word_1_117' title='bbox 348 2700 380 2761; x_wconf 87' lang='lat' dir='ltr'><strong>tc</strong></span> <span class='ocrx_word' id='word_1_118' title='bbox 403 2697 534 2782; x_wconf 81' lang='lat' dir='ltr'><strong>recessi,</strong></span> <span class='ocrx_word' id='word_1_119' title='bbox 556 2717 629 2761; x_wconf 89' lang='lat' dir='ltr'><strong>cum</strong></span> <span class='ocrx_word' id='word_1_120' title='bbox 652 2696 777 2761; x_wconf 83' lang='lat' dir='ltr'><strong>iurasti.</strong></span> <span class='ocrx_word' id='word_1_121' title='bbox 813 2696 879 2760; x_wconf 87' lang='lat' dir='ltr'><strong>iam</strong></span> <span class='ocrx_word' id='word_1_122' title='bbox 903 2717 975 2761; x_wconf 89' lang='lat' dir='ltr'><strong>cum</strong></span> <span class='ocrx_word' id='word_1_123' title='bbox 999 2697 1070 2761; x_wconf 85' lang='lat' dir='ltr'><strong>fure</strong></span> 
     </span>
     <span class='ocr_line' id='line_1_24' title="bbox 110 2783 1070 2870; baseline 0.003 -23"><span class='ocrx_word' id='word_1_124' title='bbox 110 2783 192 2847; x_wconf 90' lang='lat' dir='ltr'><strong>mihi</strong></span> <span class='ocrx_word' id='word_1_125' title='bbox 221 2784 390 2869; x_wconf 83' lang='lat' dir='ltr'><strong>negotium</strong></span> <span class='ocrx_word' id='word_1_126' title='bbox 419 2789 481 2850; x_wconf 88' lang='lat' dir='ltr'><strong>est:</strong></span> <span class='ocrx_word' id='word_1_127' title='bbox 513 2785 569 2850; x_wconf 91' lang='lat' dir='ltr'><strong>hic</strong></span> <span class='ocrx_word' id='word_1_128' title='bbox 596 2783 752 2870; x_wconf 88' lang='lat' dir='ltr'><strong>quidquid</strong></span> <span class='ocrx_word' id='word_1_129' title='bbox 776 2784 923 2869; x_wconf 84' lang='lat' dir='ltr'><strong>solverit,</strong></span> <span class='ocrx_word' id='word_1_130' title='bbox 955 2784 996 2850; x_wconf 86' lang='lat' dir='ltr'><strong>ad</strong></span> <span class='ocrx_word' id='word_1_131' title='bbox 1018 2806 1070 2850; x_wconf 90' lang='lat' dir='ltr'><strong>me</strong></span> 
     </span>
     <span class='ocr_line' id='line_1_25' title="bbox 108 2872 259 2956; baseline -0.013 -18"><span class='ocrx_word' id='word_1_132' title='bbox 108 2872 259 2956; x_wconf 86' lang='lat' dir='ltr'><strong>pertinet.</strong></span> 
     </span>
    </p>
   </div>
   <div class='ocr_carea' id='block_1_10' title="bbox 182 2978 1123 3258">
    <p class='ocr_par' dir='ltr' id='par_1_11' title="bbox 182 2978 1123 3258">
     <span class='ocr_line' id='line_1_26' title="bbox 668 2978 682 3010; baseline 0 0"><span class='ocrx_word' id='word_1_133' title='bbox 668 2978 682 3010; x_wconf 76' lang='lat'>0</span> 
     </span>
     <span class='ocr_line' id='line_1_27' title="bbox 504 3049 1123 3116; baseline -0.002 0"><span class='ocrx_word' id='word_1_134' title='bbox 504 3049 678 3116; x_wconf 81' lang='lat' dir='ltr'><strong>snRMO.</strong></span> <span class='ocrx_word' id='word_1_135' title='bbox 1090 3050 1123 3099; x_wconf 76' lang='lat'><strong>2⁶</strong></span> 
     </span>
     <span class='ocr_line' id='line_1_28' title="bbox 182 3172 1071 3258; baseline -0.001 -19"><span class='ocrx_word' id='word_1_136' title='bbox 182 3172 304 3241; x_wconf 85' lang='lat' dir='ltr'><strong>Contra</strong></span> <span class='ocrx_word' id='word_1_137' title='bbox 327 3174 383 3240; x_wconf 88' lang='lat' dir='ltr'><strong>ille</strong></span> <span class='ocrx_word' id='word_1_138' title='bbox 407 3196 466 3239; x_wconf 91' lang='lat' dir='ltr'><strong>suo</strong></span> <span class='ocrx_word' id='word_1_139' title='bbox 490 3174 620 3240; x_wconf 90' lang='lat' dir='ltr'><strong>nomine</strong></span> <span class='ocrx_word' id='word_1_140' title='bbox 642 3174 748 3258; x_wconf 83' lang='lat' dir='ltr'><strong>egisse</strong></span> <span class='ocrx_word' id='word_1_141' title='bbox 768 3196 800 3239; x_wconf 88' lang='lat' dir='ltr'><strong>se</strong></span> <span class='ocrx_word' id='word_1_142' title='bbox 820 3175 918 3240; x_wconf 90' lang='lat' dir='ltr'><strong>dicet:</strong></span> <span class='ocrx_word' id='word_1_143' title='bbox 941 3175 1071 3240; x_wconf 84' lang='lat' dir='ltr'><strong>investi·</strong></span> 
     </span>
    </p>
   </div>
   <div class='ocr_carea' id='block_1_11' title="bbox 110 3331 1096 3474">
    <p class='ocr_par' dir='ltr' id='par_1_12' title="bbox 110 3331 1096 3474">
     <span class='ocr_line' id='line_1_29' title="bbox 181 3331 1072 3403; baseline -0.001 -16"><span class='ocrx_word' id='word_1_144' title='bbox 181 3338 197 3387; x_wconf 77' lang='lat'>2</span> <span class='ocrx_word' id='word_1_145' title='bbox 218 3331 428 3402; x_wconf 83' lang='lat' dir='ltr'><strong>circumscripta</strong></span> <span class='ocrx_word' id='word_1_146' title='bbox 446 3336 467 3384; x_wconf 81' lang='lat' dir='ltr'>B</span> <span class='ocrx_word' id='word_1_147' title='bbox 486 3335 496 3401; x_wconf 73' lang='grc' dir='ltr'><strong>Ιι</strong></span> <span class='ocrx_word' id='word_1_148' title='bbox 518 3333 644 3401; x_wconf 82' lang='lat' dir='ltr'><strong>queritur</strong></span> <span class='ocrx_word' id='word_1_149' title='bbox 661 3335 705 3403; x_wconf 67' lang='grc' dir='ltr'><strong>ΒΗ</strong></span> <span class='ocrx_word' id='word_1_150' title='bbox 727 3334 757 3387; x_wconf 91' lang='lat' dir='ltr'><strong>in</strong></span> <span class='ocrx_word' id='word_1_151' title='bbox 775 3349 825 3388; x_wconf 81' lang='lat' dir='ltr'><strong>mn.</strong></span> <span class='ocrx_word' id='word_1_152' title='bbox 843 3334 888 3402; x_wconf 66' lang='grc' dir='ltr'><strong>ΒΗ</strong></span> <span class='ocrx_word' id='word_1_153' title='bbox 911 3339 926 3387; x_wconf 83' lang='grc'>3</span> <span class='ocrx_word' id='word_1_154' title='bbox 945 3351 985 3389; x_wconf 88' lang='lat' dir='ltr'><strong>us.</strong></span> <span class='ocrx_word' id='word_1_155' title='bbox 1004 3339 1072 3387; x_wconf 77' lang='lat' dir='ltr'><strong>anta</strong></span> 
     </span>
     <span class='ocr_line' id='line_1_30' title="bbox 110 3403 1096 3474; baseline -0.006 -19"><span class='ocrx_word' id='word_1_156' title='bbox 110 3403 167 3458; x_wconf 89' lang='lat' dir='ltr'><strong>dot.</strong></span> <span class='ocrx_word' id='word_1_157' title='bbox 186 3406 231 3474; x_wconf 77' lang='grc' dir='ltr'><strong>ΒΙΙ</strong></span> <span class='ocrx_word' id='word_1_158' title='bbox 244 3409 279 3460; x_wconf 75' lang='lat'><strong>20</strong></span> <span class='ocrx_word' id='word_1_159' title='bbox 299 3403 432 3458; x_wconf 80' lang='lat' dir='ltr'><strong>damnum</strong></span> <span class='ocrx_word' id='word_1_160' title='bbox 449 3420 543 3457; x_wconf 91' lang='lat' dir='ltr'><strong>meum</strong></span> <span class='ocrx_word' id='word_1_161' title='bbox 556 3408 576 3457; x_wconf 77' lang='grc' dir='ltr'><strong><em>Β</em></strong></span> <span class='ocrx_word' id='word_1_162' title='bbox 589 3405 602 3474; x_wconf 67' lang='lat' dir='ltr'>u</span> <span class='ocrx_word' id='word_1_163' title='bbox 613 3410 649 3458; x_wconf 77' lang='lat'><strong>21</strong></span> <span class='ocrx_word' id='word_1_164' title='bbox 669 3405 739 3461; x_wconf 81' lang='lat' dir='ltr'><strong>iact.</strong></span> <span class='ocrx_word' id='word_1_165' title='bbox 757 3403 899 3459; x_wconf 58' lang='lat' dir='ltr'><strong>decennos</strong></span> <span class='ocrx_word' id='word_1_166' title='bbox 915 3405 1096 3467; x_wconf 52' lang='lat' dir='ltr'><strong>semm-</strong></span> 
     </span>
    </p>
   </div>
   <div class='ocr_carea' id='block_1_12' title="bbox 109 3474 602 3546">
    <p class='ocr_par' dir='ltr' id='par_1_13' title="bbox 109 3474 602 3546">
     <span class='ocr_line' id='line_1_31' title="bbox 109 3474 602 3546; baseline 0.01 -19"><span class='ocrx_word' id='word_1_167' title='bbox 109 3490 161 3543; x_wconf 80' lang='lat' dir='ltr'><strong>ego</strong></span> <span class='ocrx_word' id='word_1_168' title='bbox 180 3474 245 3528; x_wconf 84' lang='lat' dir='ltr'><strong>olim</strong></span> <span class='ocrx_word' id='word_1_169' title='bbox 264 3492 283 3529; x_wconf 83' lang='lat' dir='ltr'><strong>a</strong></span> <span class='ocrx_word' id='word_1_170' title='bbox 299 3474 345 3532; x_wconf 75' lang='lat' dir='ltr'><strong>Ro</strong></span> <span class='ocrx_word' id='word_1_171' title='bbox 356 3477 369 3546; x_wconf 65' lang='lat' dir='ltr'><em>A</em></span> <span class='ocrx_word' id='word_1_172' title='bbox 382 3480 416 3531; x_wconf 81' lang='lat'><strong>23</strong></span> <span class='ocrx_word' id='word_1_173' title='bbox 436 3474 563 3534; x_wconf 84' lang='lat' dir='ltr'><strong>solveret</strong></span> <span class='ocrx_word' id='word_1_174' title='bbox 579 3481 602 3532; x_wconf 74' lang='lat' dir='ltr'>B</span> 
     </span>
    </p>
   </div>
   <div class='ocr_carea' id='block_1_13' title="bbox 0 0 1198 3816">
    <p class='ocr_par' dir='ltr' id='par_1_14' title="bbox 0 0 1198 3816">
     <span class='ocr_line' id='line_1_32' title="bbox 0 0 1198 3816; baseline 0 2"><span class='ocrx_word' id='word_1_175' title='bbox 0 0 1198 3816; x_wconf 95' lang='lat' dir='ltr'><strong> </strong></span> 
     </span>
    </p>
   </div>
  </div>
 </body>
</html>
