2386 3816
301 165 621 224 DnanMATIONss.
640 166 807 224 cccxxw.
966 167 1035 234 275

53 346 148 412 snm,
173 333 232 394 aut
254 327 343 394 aliud
366 332 452 394 certe
476 328 651 395 dedissent.
694 330 918 396 demonstrata
941 330 1034 397 satis·

51 414 167 484 factio
196 420 230 482 et
256 417 291 483 in
319 417 381 482 hoc
411 418 514 501 valet,
543 421 581 482 ut
604 417 790 502 accipienda
813 419 865 486 sit.
911 441 1034 503 vereor,

58 503 203 591 iudices,
239 528 281 570 ne
318 506 395 591 quid
431 507 553 592 fingere
590 527 628 570 ex
665 508 857 573 necessitate
896 508 1033 593 periculi

61 595 188 678 videar,
211 598 434 660 verumtamen
457 616 508 659 me
529 595 699 680 religionis
718 617 810 660 meae
828 596 1033 662 dissimulare

64 705 148 769 quae
174 682 362 749 acciderunt
381 705 448 748 non
470 684 550 749 sinit
572 685 668 749 ratio.
705 683 928 749 Alexandrum
947 685 1033 769 apud
1052 700 1069 749 5

64 793 116 836 me
145 770 289 838 valuisse
317 772 424 838 solum
451 773 589 857 putatis,
617 775 673 837 aut
699 773 802 837 ullam
830 772 1032 838 mercedem?

64 880 126 945 ego
155 859 251 924 illurn
278 882 480 926 recessurum
503 861 674 945 putabam,
698 861 829 926 etiamsi
856 884 922 928 non
945 861 1033 945 paci-

64 951 220 1014 sceretur.
257 949 344 1032 deuo,
369 948 446 1014 deus
469 948 527 1014 ille
551 946 670 1036 (testor
693 950 802 1034 ipsum
826 954 859 1015 et
881 972 1032 1033 praesen·

62 1037 187 1102 tissimi
211 1038 444 1103 conscientiam
461 1037 617 1123 numinis)
637 1038 692 1102 ille
712 1039 830 1124 adegit,
852 1039 908 1104 ille
927 1039 1033 1123 iussit,

62 1125 122 1191 ille
150 1126 185 1190 in
213 1126 273 1191 has
300 1130 409 1212 partes
438 1127 543 1191 misit:
577 1126 752 1192 secundum
783 1126 845 1193 hoc
878 1129 1085 1212 quodam-10

61 1213 163 1279 modo
187 1213 250 1280 fuit
271 1237 473 1300 responsum.

428 1459 645 1530 CCCXXIV.

394 1586 495 1654 Bona
518 1586 699 1668 sacrilegi.

59 1728 130 1806 Qu1
153 1748 249 1796 naun
272 1747 398 1796 camus
422 1748 670 1813 ornusvnmr,
700 1747 795 1796 nous
817 1746 892 1794 mus
916 1745 1031 1796 eossr-

153 1837 255 1885 Dm.
301 1836 487 1886 SACRILEGI
514 1836 610 1885 BONA
637 1835 778 1884 TEMPLO
809 1831 1084 1883 conscensu-15
1175 1902 1180 1909 .

155 1926 233 1975 run.
270 1908 454 1974 Damnatus
479 1907 585 1973 caedis
609 1928 682 1972 oum
705 1908 922 1990 torqueretur,
946 1905 1030 1971 dixit

154 2001 186 2063 et
219 1998 427 2085 sacrilegium
462 2019 481 2061 a
509 2018 544 2061 se
577 1994 797 2061 commissum.
851 1993 1030 2080 ambigitur

154 2085 318 2239 dibdfflfis·
363 2085 513 2152 sacerdos
536 2085 659 2167 templo
683 2084 836 2170 vindicat,
859 2087 1029 2149 accusator

154 2197 182 2240 sr
205 2197 225 2240 1.

379 2330 716 2399 DECLAMATIO.
761 2347 773 2367 ·
1047 2346 1083 2395 20

130 2455 316 2542 Antequam
345 2459 433 2543 leges
457 2477 698 2541 comparamus,
729 2454 847 2519 intueri
869 2474 1027 2537 personas

56 2547 152 2613 libet.
197 2568 257 2611 nos
285 2545 411 2611 nullam
438 2545 596 2611 habemus
620 2545 655 2608 in
677 2542 836 2628 litigando
859 2542 1028 2627 propriam

58 2636 290 2720 cupiditatem:
320 2657 385 2701 non
415 2634 614 2719 adquirimus
637 2632 747 2716 nobis,
775 2632 916 2715 petimus
940 2632 1029 2697 bona

55 2725 200 2809 templo,
231 2725 372 2808 petimus
404 2722 563 2788 honorem
595 2722 665 2786 deo.
725 2720 927 2786 adversarius
962 2721 1025 2787 sibi

56 2814 207 2879 vindicat
244 2817 277 2878 et
312 2813 348 2877 in
384 2811 565 2896 praemium
602 2831 719 2894 operae
757 2830 834 2875 suae
869 2809 1081 2894 depossita

59 2901 215 2987 ostendit,
238 2923 337 2986 quare
361 2899 570 2967 accusaverit.

129 2990 407 3067 Quemadmodum
421 3010 577 3075 personas
592 2986 860 3073 comparavimus,
878 2988 926 3054 ita
940 3010 1026 3054 com-

59 3102 214 3166 paremus
247 3085 280 3146 et
311 3079 410 3165 leges.
464 3078 550 3142 idem
584 3076 695 3142 demus
727 3076 858 3162 utrique
888 3081 1026 3161 tempus,

60 3169 197 3235 eandem
231 3170 359 3254 utrique
389 3168 455 3252 legi
489 3188 633 3232 causam:
666 3166 757 3250 ipsae
787 3170 898 3231 tamen
927 3165 1027 3230 etiam

134 3384 150 3434 '1
169 3377 343 3448 pacisffi
365 3380 375 3447 ΙΙ
398 3384 413 3432 9
433 3375 553 3432 nominis
572 3380 613 3429 Aa
635 3378 645 3446 ΙΙ
670 3381 701 3432 10
720 3391 818 3448 preces
837 3378 860 3426 Δ
882 3376 892 3444 ΙΙ
915 3379 1022 3430 25-26

60 3451 124 3520 dep.
144 3451 174 3505 et
192 3451 245 3505 ost.
263 3453 284 3501 Β

820 3535 879 3592 it*
