2386 3816
355 166 677 226 Dacnnnnmonas.
697 170 826 227 CCLXV.
1026 175 1069 239 81

99 335 178 420 plus
207 354 305 418 qnam
334 330 502 397 dimidiam
524 336 652 417 partem
675 335 865 418 patrimonii
888 337 1070 420 relinquere

101 422 247 489 feminae
277 441 344 486 non
373 421 482 504 lieeat,
515 443 587 487 eum
620 445 659 487 ex
686 423 754 488 illis
781 425 872 491 nulla
902 424 1069 490 dimidiam

100 515 233 597 partem
257 509 425 594 acceperit.
460 510 526 575 sive
550 510 591 575 ad
613 515 717 577 totam
740 534 799 578 nos
825 535 921 580 voeas
940 535 1069 599 eompu-

101 601 278 667 tationem:
309 598 394 665 nihil
421 599 571 683 interest,
603 605 760 685 quantum
789 603 906 686 euique
928 603 1069 669 feminae

102 690 317 774 relinquatur.
364 686 469 765 Quid?
502 689 531 753 si
554 707 603 755 ’ne
632 691 715 754 ratio
748 691 876 775 quidem
907 697 1105 779 repugnate

105 779 233 864 scripto
257 781 291 844 et
312 776 420 842 verbis
442 777 525 862 legis
549 778 666 843 istius?
690 779 766 863 quid
789 781 875 845 enim
898 785 995 864 putas
1013 803 1070 847 vo·

105 869 208 935 luisse
230 866 314 952 legis
332 867 486 951 latorem,
510 888 581 932 eum
605 866 740 932 hocius
763 869 998 934 constitueret?
1030 891 1071 934 ne

104 957 246 1023 feminae
269 955 387 1021 nimias
406 977 484 1040 opes
503 955 716 1041 possiderent,
737 979 778 1022 ne
797 959 946 1042 potentia
960 966 1071 1022 earum

106 1047 224 1113 civitae
241 1048 451 1130 premeretur.
483 1043 547 1110 hoe
566 1066 644 1129 ergo
665 1046 818 1111 adversus
838 1047 982 1132 singulas
997 1068 1071 1111 eon-

106 1136 232 1219 stituit,
260 1138 293 1202 et
321 1133 362 1199 ad
386 1133 553 1200 evitandas
583 1155 660 1218 opes
688 1134 882 1200 feminarum
906 1136 986 1201 satis
1009 1135 1125 1203 hoelo

107 1223 306 1310 quaesitum,
332 1244 373 1288 ne
401 1222 458 1288 uni
480 1223 554 1306 plus
583 1244 681 1307 quam
708 1221 843 1290 dimidia
871 1246 947 1308 pars
971 1225 1072 1307 patri-

107 1312 213 1379 monii
247 1313 492 1398 relinqueretur.
549 1316 692 1377 ceterum
730 1312 859 1397 quidem
893 1313 975 1378 illud
1006 1334 1073 1378 non

108 1405 265 1488 caverunt
282 1403 381 1488 legen,
399 1423 440 1467 ne
458 1400 568 1486 plures
586 1400 727 1466 feminae
746 1401 860 1468 eodem
873 1404 1070 1467 testamento

108 1491 340 1577 scriberentur3
372 1512 440 1557 non
466 1489 598 1556 hercule
626 1491 744 1577 magis,
777 1513 875 1575 quam
909 1490 1005 1575 illud,
1031 1513 1072 1555 ne

107 1581 218 1666 plures
241 1580 439 1646 hereditates
462 1577 577 1644 iisdem
599 1578 729 1645 feminis
748 1579 1018 1665 relinquerentur.
1092 1595 1126 1644 15

506 1844 670 1912 dclxv.

260 1970 500 2055 Ignominiesl
523 1969 690 2054 pulsator
712 1969 752 2035 iu
774 1968 922 2052 temple.

108 2098 146 2167 S1
166 2115 246 2177 Qms
264 2117 302 2163 ru
322 2115 463 2164 ramruo
484 2098 648 2161 imunmm
662 2111 827 2181 uacuam,
843 2111 963 2160 Ducam
976 2112 1076 2160 mam

200 2200 270 2252 nau
294 2205 339 2273 ΕΙ,
366 2203 425 2252 0111
452 2202 616 2252 mutarem
638 2200 805 2268 uacuam,
828 2201 951 2250 Ducam
974 2201 1075 2249 mmm

91 2273 96 2280 ’
200 2291 619 2344 CIVITATI.1GNOM1NIOSO
643 2292 689 2339 uu
714 2291 767 2340 sm
792 2291 898 2342 acrio
921 2291 1073 2339 mmmn-
1092 2287 1128 2337 20

200 2384 284 2432 nun.
304 2364 443 2443 Quidam
456 2364 711 2451 ignominiosum
730 2364 872 2448 pulsavit
890 2364 926 2428 in
939 2363 1077 2446 ternp103

202 2456 311 2523 decem
334 2455 426 2520 milia
443 2454 526 2540 petit
545 2453 758 2538 magistratus
778 2453 909 2517 nomine
924 2450 1078 2516 civitatis.

425 2646 761 2716 DECLAMATIO.

181 2774 216 2843 Si
230 2775 336 2861 pudor
350 2773 620 2848 commendandus
636 2776 696 2857 est,
715 2772 805 2838 euius
821 2769 1015 2836 difficillima
1028 2793 1078 2837 ra·

112 2868 162 2933 tio
187 2869 238 2932 est
259 2866 294 2930 in
316 2864 375 2930 lite
397 2863 599 2949 pecuniaria:
626 2883 694 2927 non
715 2862 811 2928 nobis
834 2860 1012 2946 litigamus,
1042 2881 1079 2925 ae
1098 2872 1134 2922 25

113 2979 154 3022 ne
182 2956 230 3021 rei
256 2953 408 3040 publicae
437 2952 567 3038 quidem
594 2956 628 3017 et
655 2949 797 3017 civitatis
825 2950 959 3015 nomine
990 2950 1081 3015 avari

114 3068 241 3132 sumus,
268 3044 407 3110 ethaeo
437 3041 543 3108 omnis
572 3040 659 3106 aetio
687 3062 753 3108 non
775 3043 844 3105 tam
867 3039 951 3104 lueri
973 3039 1080 3123 gratia

116 3141 149 3201 et
171 3132 389 3220 adquirendae
412 3131 508 3196 huius
531 3129 688 3216 pecuniae
707 3129 887 3195 constituta
906 3132 965 3211 est,
984 3150 1082 3212 quam

188 3333 205 3384 5
224 3325 292 3396 quid
313 3343 379 3382 eane
397 3327 471 3396 Bne
491 3322 606 3394 seriptio'
622 3328 663 3377 Aa
674 3325 684 3395 ΙΙ
699 3329 714 3378 7
728 3338 779 3378 nee
797 3320 862 3376 fem.
875 3325 915 3374 Aa
928 3321 967 3391 {18
987 3336 1082 3375 earum

118 3417 169 3456 mn.
188 3405 212 3452 Δ
233 3399 243 3469 ιι
266 3404 299 3455 10
317 3397 446 3453 vitandas
465 3401 486 3449 a
503 3398 513 3468 q
533 3401 565 3452 ra
584 3394 693 3451 hisdem
711 3398 794 3463 aar,
812 3392 933 3448 hiisdem
951 3397 991 3444 ab
1017 3393 1083 3462 qia

117 3471 199 3526 milia
216 3486 264 3526 om.
284 3474 308 3522 Δ
317 3471 332 3539 l
344 3475 379 3524 24
395 3470 452 3524 rito
469 3473 512 3523 Aa

160 3565 299 3614 omnemne
312 3567 375 3620 reor,
392 3569 427 3610 eu.
441 3569 529 3615 metor,
934 3565 956 3614 i)
