2386 3816
173 146 212 200 IV
548 140 762 196 PRAEFATIO.

174 297 268 357 eticae
285 315 340 378 per
360 313 462 355 omnes
481 297 583 370 partes
601 293 762 371 perfectae,
782 313 858 371 quae
877 313 937 354 non
952 295 1031 354 solas
1047 313 1139 371 quae-

59 435 65 445 ·
151 395 289 471 rstiones
314 395 345 453 et
369 411 436 453 ossa
459 393 513 450 illa
532 390 676 451 orationis
696 392 834 452 exhibeat
853 384 905 474 (cf.
925 391 1048 461 Quintil.
1068 393 1137 453 inst.

175 492 349 571 or.II,6,1
369 511 441 567 sqq,
465 490 623 550 Sermones
643 489 729 550 decll.
749 493 814 551 270
833 494 864 550 et
883 483 971 571 314).
1009 491 1138 551 Divisio-

175 589 229 653 nes
251 588 324 653 sunt
345 591 446 666 potius
469 589 518 649 vel
541 588 672 647 medium
696 590 843 665 quoddam
866 589 1029 665 pleraeque
1049 581 1139 670 (quot

175 691 295 767 quidem
322 707 384 748 non
412 688 475 748 solo
504 682 678 763 „sermone“
705 678 911 768 continentur)
938 688 1018 746 inter
1041 688 1137 746 decla·

175 788 338 847 mationem
358 789 389 846 et
408 785 584 845 divisionem
603 803 698 860 genus
718 783 860 861 efficiunt,
884 784 1002 844 Albutii
1020 785 1081 845 illis
1101 785 1139 845 si·

176 886 272 962 miles,
296 880 331 943 de
350 903 408 960 quo
428 883 508 959 apud
527 881 670 941 Senecam
689 875 835 964 (prooem.
848 883 899 942 lib.
913 876 989 964 VII)
1008 883 1137 960 legimus

174 984 241 1042 illa:
269 999 357 1060 „raro
386 983 483 1041 totam
506 981 739 1041 controversiam
762 982 920 1058 implebat:
949 1002 1007 1043 non
1032 1001 1137 1059 posses

176 1081 273 1139 dicere
293 1078 470 1139 divisionem
489 1097 564 1154 esse,
582 1100 643 1140 non
661 1098 764 1157 posses
780 1079 1041 1141 declamationem:
1060 1085 1137 1141 tam-

176 1199 266 1256 quam
290 1176 501 1237 declamationi
523 1178 653 1237 multum
676 1179 793 1256 deerat,
819 1181 974 1256 tamquam
998 1178 1138 1239 divisioni

174 1279 305 1336 multum
322 1271 505 1350 supererat.“
533 1275 618 1336 Alios
633 1295 751 1354 quoque
764 1279 973 1353 praeceptores
989 1277 1020 1335 et
1034 1296 1136 1336 omnes

176 1377 257 1434 certe
277 1393 337 1450 eos,
358 1373 411 1449 qui
428 1371 526 1432 minus
545 1373 577 1431 id
596 1374 772 1450 spectabant
790 1377 826 1434 nt
844 1374 1028 1434 delectarent
1047 1392 1138 1450 quam

175 1476 211 1532 ut
225 1472 365 1532 docerent
379 1470 548 1547 discipulos,
569 1471 661 1531 simili
673 1473 789 1532 ratione
804 1472 1038 1532 existimaverim
1052 1472 1136 1531 scho-

98 1618 100 1623 .
174 1571 220 1630 las
245 1589 314 1630 suas
338 1568 487 1629 habuisse.

242 1669 283 1727 Et
302 1666 520 1738 Quintilianum
543 1667 663 1744 quidem
685 1687 745 1727 non
768 1669 858 1729 aliter
881 1669 1071 1729 consuevisse
1094 1669 1137 1727 fa-

175 1786 252 1842 cere,
275 1765 388 1843 apertis
411 1764 476 1840 ipse
495 1764 595 1825 verbis
615 1765 737 1842 exponit
755 1758 841 1847 (inst.
855 1786 898 1826 or.
912 1766 952 1842 H,
968 1769 996 1840 6,
1013 1759 1136 1847 lsqq.):

178 1865 254 1946 „fuit
277 1857 394 1939 etiam“,
423 1863 534 1939 inquit,
562 1863 611 1940 „in
633 1862 689 1922 hoc
713 1863 865 1924 diversum
888 1864 1136 1941 praecipientium

173 1961 375 2039 propositum,
399 1961 479 2036 quod
502 1980 606 2020 eorum
629 1961 750 2037 quidam
774 1963 930 2040 materias,
954 1981 1027 2040 quas
1051 1963 1137 2022 disci·

173 2060 254 2136 pulis
278 2060 317 2118 ad
339 2057 495 2118 dicendum
520 2059 642 2136 dabant,
665 2078 725 2118 non
748 2059 880 2120 contenti
902 2059 1048 2120 divisione
1067 2060 1137 2119 diri-

174 2175 245 2231 gere
268 2154 360 2215 latius
385 2153 508 2214 dicendo
532 2155 804 2232 prosequebantur,
831 2162 887 2235 nee
909 2157 1006 2218 solum
1029 2157 1137 2234 proba-

173 2252 307 2312 tionibus
339 2252 519 2330 implebant,
553 2254 606 2313 sed
634 2254 725 2312 etiam
755 2254 931 2315 adfectibus.
971 2256 1035 2330 alii,
1068 2275 1136 2315 cum

174 2351 287 2426 primas
306 2351 393 2409 modo
412 2351 508 2410 lineas
527 2350 692 2428 duxissent,
714 2354 784 2427 post
803 2351 1043 2429 declamationes,
1063 2353 1135 2428 quid

175 2449 324 2509 omisisset
347 2447 482 2524 quisque,
505 2449 686 2527 tractabant,
710 2451 854 2526 quosdam
877 2469 948 2511 vero
970 2451 1051 2510 locos
1075 2469 1135 2510 non

174 2547 287 2606 minore
315 2564 399 2621 cura,
427 2565 518 2622 quarn
545 2566 613 2606 cum
640 2547 859 2607 addicendum
886 2548 945 2626 ipsi
967 2551 1135 2624 surgerent,

175 2643 360 2703 excolebant.
397 2643 472 2704 01110
491 2648 660 2726 utrumque
684 2649 715 2705 et
736 2645 803 2704 ideo
827 2648 997 2705 neutrum
1020 2647 1062 2706 ab
1086 2646 1137 2704 al-

173 2744 252 2802 tero
282 2760 425 2818 separo:
454 2742 507 2802 sed
535 2743 561 2802 si
588 2743 687 2805 facere
715 2749 835 2806 tantum
859 2746 988 2807 alterum
1012 2765 1134 2807 necesse

174 2840 228 2915 sit,
254 2839 322 2915 plus
346 2839 481 2916 proderit
504 2842 726 2904 demonstrasse
748 2847 863 2905 rectam
884 2843 1021 2920 protinus
1044 2844 1134 2918 viam,

175 2955 265 3012 quam
296 2955 437 2997 revocare
470 2937 508 2997 ab
540 2959 641 3000 errore
673 2943 735 3002 iam
762 2943 942 3019 lapsos...
980 2944 1134 3018 utraque

172 3038 293 3094 antem
315 3036 413 3095 ratio
437 3036 620 3098 miscenda
644 3047 711 3114 est,
735 3042 770 3099 et
793 3040 846 3100 ita
864 3039 1071 3119 tractanda,
1095 3044 1136 3103 ut

172 3132 274 3208 ipsae
297 3151 354 3193 res
377 3134 647 3210 postulabunt.“

241 3230 360 3291 Titulus
380 3215 486 3309 capitis
506 3233 579 3312 eius,
599 3254 636 3294 ex
654 3255 713 3312 quo
731 3235 829 3311 pet'ta
847 3238 918 3294 sunt
937 3236 1013 3296 haec
1033 3238 1132 3316 verba,

173 3328 205 3387 in
224 3327 376 3389 codicibus
396 3331 454 3390 est:
474 3330 510 3391 de
529 3331 676 3393 divisione
696 3337 727 3393 et
743 3333 968 3412 perenchircsip
980 3352 1057 3410 quae
1075 3355 1134 3396 vox

169 3425 245 3483 mibi
272 3426 393 3486 videtur
414 3427 446 3487 in
470 3447 538 3491 enm
563 3448 684 3490 sensum
707 3432 891 3509 accipienda,
917 3437 952 3494 01
974 3438 1135 3511 praecepta
