2386 3816
367 121 686 179 oaonrnrnroues.
707 121 833 209 oooxn.
1014 123 1080 188 225

109 284 239 352 servire
261 284 368 370 iussit,
391 286 491 352 donee
515 287 688 352 solverent.
720 309 799 351 num
820 287 922 372 igitur
940 286 1081 372 exigitis,

110 377 152 440 ut
176 373 323 440 diomus
347 375 455 460 eliqua
478 398 537 460 pro
562 376 657 462 lege?
698 397 765 440 non
788 379 838 440 est
860 379 992 442 nostrae
1016 381 1080 440 me·

111 463 314 548 diooritatis,
340 487 407 529 non
430 465 543 550 officii,
566 487 606 530 ea
632 486 715 549 quae
743 465 987 548 prudentissimi
1015 486 1081 530 me·

112 553 201 619 iores
224 553 453 619 constituerint
475 557 637 638 temptare
657 552 836 618 defendere.
858 556 1083 619 verumtamen

114 642 145 706 si
168 641 288 708 intueri
311 643 429 726 velitis,
452 643 530 728 quid
554 643 689 728 aequius
708 642 865 708 constitui
882 645 1001 726 potest,
1025 646 1082 709 aut
1101 659 1117 708 5

115 752 182 816 quo
204 731 270 797 elio
294 732 450 798 custodiri
472 732 672 816 patrimonia
695 735 814 816 vestra,
841 731 991 796 fortunae
1015 753 1083 796 sus·

114 820 217 886 tineri
244 822 405 905 possunt?
444 843 487 886 au
513 843 591 887 vero
622 821 792 906 pecuniam
825 821 942 906 aliquis
973 841 1083 904 aooep·

113 913 215 976 turus
238 931 297 994 per
327 910 437 976 omnia
460 911 541 976 vitia
564 911 747 994 exhauriet,
779 915 816 975 ut
838 932 906 975 non
929 909 1084 996 alligetur

115 998 159 1064 ad
195 999 340 1084 aliquem
382 1000 527 1067 solvendi
562 999 813 1066 necessitatem?
861 999 940 1064 dura
977 999 1084 1063 vinela

116 1088 218 1154 alicui
249 1088 414 1174 videntur,
452 1089 533 1155 dura
565 1089 711 1155 condicio
744 1087 925 1154 servitutis:
961 1087 1085 1170 reddat,
1105 1103 1137 1153 10

114 1176 205 1262 quod
237 1178 370 1263 aceepit.
416 1178 518 1260 isti[e]
550 1200 618 1243 non
650 1177 788 1245 servitus
818 1177 998 1242 constituta
1026 1179 1085 1259 est,

115 1265 176 1332 sed
192 1266 281 1333 illud
305 1267 392 1353 quod
413 1267 630 1333 iustissimum
649 1271 708 1348 est,
730 1266 910 1333 reddendae
928 1266 1084 1351 pecuniae

115 1374 228 1423 oense.

513 1477 687 1548 eeoxfl.

389 1603 549 1673 Heredes
572 1604 616 1672 de
639 1604 815 1689 deposito.
1106 1619 1138 1669 re

114 1726 260 1805 Quidem
289 1751 309 1794 a
336 1729 559 1795 oommilitone
588 1729 732 1795 eiusdem
757 1728 880 1794 ordinis
903 1728 1087 1812 depositum

211 1818 354 1903 petebat.
376 1819 512 1903 negavit
531 1819 587 1884 ille
606 1840 640 1884 se
659 1818 830 1901 aooepiese.
861 1838 934 1882 oum
952 1838 1003 1881 res
1019 1816 1087 1881 sine

210 1909 296 1973 teste
311 1913 408 1992 esset,
427 1908 567 1992 <iudicio
586 1907 691 1972 vietus
710 1906 853 1990 petitor>
873 1904 991 1972 oeeidit
1005 1927 1088 1987 eum,

211 2019 231 2062 a
253 2018 316 2081 quo
340 1998 481 2082 petebat,
505 2002 538 2062 et
562 2018 605 2063 se.
645 1996 797 2080 petitoris
819 1995 913 2060 heres
937 1995 1022 2080 petit
1046 1995 1086 2060 eb

212 2085 331 2151 herede
355 2087 490 2152 alterius
514 2086 766 2152 commilitionis.
1108 2100 1141 2148 20

437 2244 776 2312 DECLAMATIO.

191 2367 226 2436 si
254 2371 390 2454 peeunie
419 2373 548 2435 tantum
575 2371 611 2436 in
633 2392 732 2437 eausa
755 2370 822 2435 litis
846 2372 944 2451 esset,
977 2389 1089 2453 parem

119 2458 309 2525 videremur
340 2460 496 2548 litigandi
527 2459 648 2525 habere
681 2460 859 2526 rationem:
893 2477 977 2522 nureo
1007 2455 1091 2521 illud

121 2549 256 2634 quidem
285 2549 381 2615 nobis
406 2553 498 2614 extra
522 2548 669 2614 ordinem
693 2548 822 2632 aooidit,
851 2545 937 2633 quod
958 2545 1090 2632 litigan-

122 2638 201 2704 dum
230 2641 281 2704 est
309 2638 408 2704 etiem
436 2641 570 2724 propter
596 2637 660 2704 hoe
682 2638 803 2723 ipsum,
835 2659 877 2702 ne
901 2637 969 2702 sine
994 2658 1092 2701 eausa
1110 2652 1145 2701 25

121 2727 268 2812 perierit.
313 2728 492 2814 plurimum
517 2731 626 2795 autem
649 2726 781 2812 fallitur,
809 2726 932 2813 siquis
957 2725 1092 2791 eundem

123 2816 349 2883 condicionem
376 2822 472 2903 putet
498 2817 596 2883 huius
626 2815 740 2882 iudioii
762 2833 800 2882 ee
822 2815 950 2900 prioris.
996 2815 1093 2880 desiit

123 2905 166 2970 lis
200 2927 271 2972 esse
305 2908 373 2973 sine
405 2910 498 2972 teste.
558 2927 636 2994 ergo
670 2905 810 2991 <quod>
842 2905 893 2972 dli
924 2905 960 2971 ia
991 2905 1094 2989 priori

198 3067 215 3118 5
235 3065 301 3125 sunt
319 3063 378 3118 veri
396 3069 417 3115 B
436 3067 445 3132 ΙΙ
463 3070 533 3118 5-5
553 3066 618 3119 ente
637 3081 692 3135 quo
711 3072 732 3120 P
750 3065 759 3134 ΙΙ
777 3070 794 3120 8
814 3063 975 3120 exhauriret
993 3067 1013 3115 B
1033 3065 1043 3145 h
1061 3069 1092 3117 11

124 3133 218 3207 iside]
237 3134 282 3190 Ro
295 3135 305 3204 ΙΙ
319 3135 462 3191 servitutis
480 3139 522 3188 Aa
534 3136 543 3205 ΙΙ
559 3141 663 3191 12-13
686 3133 823 3206 peouniee
847 3151 931 3190 ouuee
948 3133 1096 3208 <servire>

126 3205 171 3262 Ro
184 3207 194 3277 ῃ
209 3211 243 3261 18
257 3203 383 3280 <iudicio
403 3205 493 3263 victus
512 3205 638 3282 petitor>
651 3207 696 3264 Ro
709 3209 720 3277 11
733 3214 767 3264 23
786 3208 890 3264 hebere
908 3206 1042 3276 litigandi
1060 3207 1096 3279 ΒΗ

124 3293 162 3333 ne
185 3276 258 3334 illud
282 3282 348 3348 Aa,
376 3293 447 3335 eorr.
466 3280 538 3344 Λευ
564 3297 637 3335 nuno
661 3279 702 3335 ill.
722 3296 833 3350 quoque
851 3297 878 3334 n,
897 3294 921 3334 e.
942 3295 966 3332 o.
986 3277 1097 3333 aeoedit

127 3348 172 3405 Ro
189 3365 240 3407 see.
254 3347 297 3406 Gr
310 3352 319 3421 ΙΙ
333 3355 367 3406 25
381 3352 436 3406 hoe
450 3355 531 3407 om.B
545 3352 554 3421 Η
569 3356 603 3408 25
623 3352 730 3424 autem]
746 3351 822 3407 enim
835 3350 889 3407 ocu
902 3351 915 3420 d
926 3354 959 3405 28
978 3347 1098 3422 <duod3

128 3419 182 3478 ser
192 3423 204 3490 Ι
217 3420 274 3477 iam
288 3421 379 3491 priori
396 3426 453 3492 ΔΒ,
473 3432 544 3482 corr.
563 3423 609 3483 Ro

171 3517 387 3575 Quaerendae„
403 3523 438 3565 ed.
455 3525 543 3573 eam.
927 3519 966 3571 ᾖ)
