2386 3816
111 161 154 227 82
477 157 707 226 omnmmmu

108 327 144 392 in
160 325 321 390 ultionem
340 325 472 392 deorum
490 321 724 387 immortalium
743 324 777 386 et
792 319 915 404 templi·
930 316 982 405 (ut
999 340 1080 404 pro-

109 414 181 499 prie
203 411 354 500 dixerim)
378 412 624 497 expiationem.v

175 502 245 569 Nec
272 503 379 567 minus
407 500 617 566 manifestum
648 499 699 564 ius
723 503 786 582 est,
818 512 916 583 quam
946 498 1081 584 integer

109 591 221 676 pudor.
251 592 304 656 lex
328 591 414 656 enim
436 590 548 675 palam
571 588 693 673 scripta
715 591 774 667 est,
790 591 834 652 'ut
857 586 921 671 ais,
943 588 1010 672 qui
1034 587 1078 652 in

74 680 259 764 atemplo
296 680 474 746 iniuriam
509 677 663 763 fecerit,
699 675 827 742 decem
863 677 975 742 milia
1009 677 1080 742 det

110 769 295 835 civitati«
320 769 408 835 ‘mihi
430 768 493 834 hoc
517 767 597 833 satis
621 771 681 851 est,
695 766 759 851 qui
777 764 923 832 civitatis
941 765 1080 831 nomine

109 859 214 944 litigo.
257 858 314 924 sed
339 861 444 923 totam
466 857 573 942 legem
596 855 733 922 anobis
756 872 833 940 pars
857 854 985 921 diversa
1007 855 1077 940 lagi

109 947 278 1014 desiderat.
323 945 468 1012 »decem
494 946 619 1027 milia,
649 945 771 1030 inquit,
803 945 894 1028 ipsi,
927 943 992 1029 qui
1011 944 1077 1009 in·-

109 1036 248 1102 iuriam
272 1036 481 1120 acceperit,
505 1035 633 1100 decem
656 1032 851 1098 civitatis:
871 1036 911 1098 et
932 1032 995 1098 hoc
1018 1054 1077 1098 ex·

55 1144 90 1195 10
110 1126 238 1192 cludere
261 1128 401 1209 umptm
423 1124 602 1208 civitatem,
626 1122 712 1208 quod
733 1122 818 1207 ipse,
841 1122 897 1207 qui
917 1122 1076 1188 iniuriam

109 1215 278 1299 acceperit,
300 1214 499 1280 non⁶ha¹beat
513 1214 683 1279 actionem.
716 1226 793 1276 sane
817 1211 1077 1277 contumeliosus

108 1308 141 1368 et
170 1325 230 1388 pro
259 1307 367 1368 cetera
388 1316 521 1368 'morum
549 1322 681 1367 suorum
708 1301 892 1386 petulantia
918 1299 1077 1367 adversus

108 1393 337 1475 magistratum
350 1391 618 1474 resumendas,
632 1391 688 1475 qui
697 1389 920 1475 praescribere
929 1393 1077 1475 temptet

108 1480 242 1561 civitati,
265 1484 433 1564 tamquam
456 1480 705 1566 ignominiosae.
741 1478 861 1564 Facile,
883 1483 921 1546 ut
944 1479 1076 1564 opinor,

55 1586 88 1635 15
108 1569 285 1650 constabit,
320 1569 404 1634 nihil
440 1569 481 1635 ad
519 1573 669 1634 nostram
706 1569 867 1634 actionem
900 1569 1076 1654 pertinere,

107 1680 205 1743 quam
231 1659 338 1744 legem
360 1658 481 1725 habeat
503 1659 586 1743 ipse,
609 1659 664 1743 qui
690 1657 839 1743 pulsatus
864 1657 915 1723 sit.
961 1658 1075 1723 existi-

106 1768 230 1813 memus
263 1748 361 1831 enim,
394 1769 465 1813 esse
493 1747 634 1831 aliquem
661 1768 726 1812 non
756 1746 1012 1833 ignominiosum
1033 1747 1074 1812 in

105 1838 229 1920 templo
261 1836 441 1922 pulsatum,
478 1836 534 1901 sed
566 1835 618 1901 vel
650 1834 776 1900 dedisse
807 1835 904 1901 huius
934 1835 1074 1901 iniuriae

105 1927 243 2004 veniam,
265 1928 316 1993 vel
340 1927 405 1992 alio
425 1925 533 2011 aliquo
552 1924 783 2009 impedimento
799 1944 896 2010 agere
909 1924 1073 1990 noluisse:

52 2033 87 2080 ao
105 2037 183 2079 num
206 2014 279 2079 ideo
302 2036 343 2079 ne
367 2015 482 2080 civitas
507 2011 637 2101 quidem
659 2014 716 2079 ius*
736 2035 830 2079 suum
853 2014 1008 2099 tuebitur,
1034 2019 1074 2081 ut

106 2103 217 2185 omnia
239 2103 359 2187 inpune
382 2103 519 2169 iecerit?

171 2189 294 2255 Verum
312 2206 362 2278 fine
389 2193 459 2276 ipse
487 2191 618 2277 quidem
646 2191 850 2258 adversarius
878 2195 1007 2258 tantum
1036 2193 1074 2259 in

105 2274 302 2364 exemptione
311 2280 450 2347 fiduciae
463 2281 577 2367 habet,
596 2285 754 2367 qnantum
777 2281 906 2367 inipsa
928 2281 1071 2348 iniuriae

104 2368 382 2454 interpretatione.
408 2391 476 2436 noa
499 2371 585 2436 enim
607 2370 759 2436 iniuriam
782 2371 859 2436 dicit
881 2392 960 2456 essa,
984 2371 1073 2455 quod

49 2476 84 2525 25
104 2458 357 2545 ignominiosum
384 2459 578 2544 pulsaverit,
610 2461 661 2525 cui
690 2459 775 2525 aetio
803 2480 869 2525 non
893 2463 951 2525 est.
998 2480 1073 2546 ego,

103 2547 238 2630 iudices,
270 2549 448 2634 plurimum
471 2550 629 2626 interesse
653 2548 818 2635 existimo,
849 2553 960 2615 utrum
990 2550 1071 2634 quid

102 2635 210 2701 faeere
224 2637 329 2716 liceat,
352 2661 394 2703 an
412 2637 575 2704 vindicare
593 2659 659 2703 non
678 2636 783 2703 liceat.
807 2660 873 2704 non
893 2632 978 2703 enim
993 2660 1071 2704 con-

102 2724 206 2809 tinuo,
229 2726 258 2790 si
274 2727 498 2811 ignominioso
523 2727 608 2793 actio
630 2749 697 2818 non
720 2727 831 2812 datur,
854 2728 931 2793 licet
955 2727 1071 2794 adver·

103 2835 157 2879 sus
181 2814 435 2900 ignominiosum
457 2817 573 2902 tacere,
603 2816 690 2901 quod
714 2817 849 2901 quisque
871 2818 959 2884 velit.
1001 2819 1070 2884 tale

172 3032 190 3081 4
207 3026 252 3081 his
271 3030 317 3098 ΔΙΙ
331 3032 347 3082 8
362 3011 396 3082 ἶ
410 3027 490 3083 milia
509 3031 539 3095 Δ,
559 3028 592 3081 Χ·
606 3028 687 3083 milia
704 3029 749 3096 ΒΙΙ
761 3028 856 3098 ipsum
874 3031 949 3099 Alit
969 3028 1068 3084 decem

101 3099 153 3154 civ.
173 3103 221 3154 sto.
236 3129 270 3139 -
287 3105 328 3154 11.
348 3099 489 3169 acceperit
505 3103 586 3154 om!
600 3100 609 3168 ΙΙ
624 3105 658 3153 14
675 3099 863 3169 ignominioso
882 3105 922 3152 Ab
936 3101 946 3170 l
962 3105 994 3156 19
1014 3101 1067 3154 im-

100 3169 315 3241 pledimentoA
342 3171 351 3240 ΙΙ
378 3169 594 3226 comecias
622 3174 631 3241 Η
660 3176 764 3226 19-20
787 3170 990 3242 impedimento
1008 3187 1067 3228 non

100 3243 160 3296 iure
179 3241 278 3296 civitas
296 3244 338 3314 Pl
352 3248 386 3295 22
405 3259 441 3297 ne
460 3257 509 3297 om.
530 3242 620 3312 1’1123
640 3241 768 3313 exemplo
786 3247 845 3312 AB,
865 3259 933 3298 corr.
952 3243 997 3298 Ro
1010 3245 1020 3314 l
1033 3243 1066 3297 fi-

100 3310 199 3368 duciae
217 3312 322 3368 habeat
340 3317 380 3366 Aa
393 3315 402 3384 l
415 3313 446 3367 in
463 3328 515 3367 om.
534 3315 627 3384 31124
644 3331 696 3370 nos
715 3317 772 3381 n,
792 3330 860 3371 corr.
880 3316 938 3370 Aer
956 3317 966 3385 ll
978 3314 1065 3370 *dici-

99 3401 161 3438 mus
182 3392 241 3439 esae
260 3388 317 3454 AB,
337 3383 485 3439 dicendam
505 3400 564 3439 esse
583 3385 628 3440 Ro
645 3386 654 3455 ll
672 3382 707 3440 '26
725 3385 891 3442 iniuriosum
906 3382 930 3438 51³
949 3382 1011 3455 1127
1030 3386 1065 3441 li·

95 3456 163 3510 caat
176 3459 219 3508 Aa
229 3457 244 3526 l)
254 3461 291 3511 29
307 3456 401 3513 facere
420 3471 471 3512 om.
490 3460 511 3508 B
