<?xml version="1.0" encoding="UTF-8"?>
<!DOCTYPE html PUBLIC "-//W3C//DTD XHTML 1.0 Transitional//EN"
    "http://www.w3.org/TR/xhtml1/DTD/xhtml1-transitional.dtd">
<html xmlns="http://www.w3.org/1999/xhtml" xml:lang="en" lang="en">
 <head>
  <title>
</title>
<meta http-equiv="Content-Type" content="text/html;charset=utf-8" />
  <meta name='ocr-system' content='tesseract 3.04.00' />
  <meta name='ocr-capabilities' content='ocr_page ocr_carea ocr_par ocr_line ocrx_word'/>
</head>
<body>
  <div class='ocr_page' id='page_1' title='image "./mfabiiquintilia01rittgoog_0268.png"; bbox 0 0 2386 3816; ppageno 0'>
   <div class='ocr_carea' id='block_1_1' title="bbox 321 176 1044 245">
    <p class='ocr_par' dir='ltr' id='par_1_1' title="bbox 321 176 1044 245">
     <span class='ocr_line' id='line_1_1' title="bbox 321 176 1044 245; baseline 0.021 -15"><span class='ocrx_word' id='word_1_1' title='bbox 321 176 641 234; x_wconf 78' lang='lat' dir='ltr'><strong>DEOLAMATIONES.</strong></span> <span class='ocrx_word' id='word_1_2' title='bbox 662 176 800 235; x_wconf 78' lang='lat' dir='ltr'>OCCXJV.</span> <span class='ocrx_word' id='word_1_3' title='bbox 979 179 1044 245; x_wconf 82' lang='lat'>233</span> 
     </span>
    </p>
   </div>
   <div class='ocr_carea' id='block_1_2' title="bbox 74 338 1097 1230">
    <p class='ocr_par' dir='ltr' id='par_1_2' title="bbox 74 338 1097 1230">
     <span class='ocr_line' id='line_1_2' title="bbox 75 338 1044 428; baseline 0.005 -24"><span class='ocrx_word' id='word_1_4' title='bbox 75 361 119 405; x_wconf 88' lang='lat' dir='ltr'>eo</span> <span class='ocrx_word' id='word_1_5' title='bbox 147 338 258 422; x_wconf 89' lang='lat' dir='ltr'>modo,</span> <span class='ocrx_word' id='word_1_6' title='bbox 287 362 351 425; x_wconf 93' lang='lat' dir='ltr'>quo</span> <span class='ocrx_word' id='word_1_7' title='bbox 380 346 507 407; x_wconf 90' lang='lat' dir='ltr'>creatus</span> <span class='ocrx_word' id='word_1_8' title='bbox 535 347 594 406; x_wconf 88' lang='lat' dir='ltr'>est.</span> <span class='ocrx_word' id='word_1_9' title='bbox 641 343 815 408; x_wconf 81' lang='lat' dir='ltr'>secundum</span> <span class='ocrx_word' id='word_1_10' title='bbox 837 342 920 407; x_wconf 88' lang='lat' dir='ltr'>illud</span> <span class='ocrx_word' id='word_1_11' title='bbox 943 364 1044 428; x_wconf 87' lang='lat' dir='ltr'>aeque</span> 
     </span>
     <span class='ocr_line' id='line_1_3' title="bbox 75 429 1044 516; baseline 0.002 -21"><span class='ocrx_word' id='word_1_12' title='bbox 75 450 264 514; x_wconf 85' lang='lat' dir='ltr'>commune,</span> <span class='ocrx_word' id='word_1_13' title='bbox 305 429 391 514; x_wconf 90' lang='lat' dir='ltr'>quod</span> <span class='ocrx_word' id='word_1_14' title='bbox 426 430 536 496; x_wconf 90' lang='lat' dir='ltr'>nullas</span> <span class='ocrx_word' id='word_1_15' title='bbox 573 430 756 497; x_wconf 73' lang='lat' dir='ltr'><strong>simultates</strong></span> <span class='ocrx_word' id='word_1_16' title='bbox 795 436 948 497; x_wconf 82' lang='lat' dir='ltr'>executus</span> <span class='ocrx_word' id='word_1_17' title='bbox 985 437 1044 516; x_wconf 88' lang='lat' dir='ltr'>est,</span> 
     </span>
     <span class='ocr_line' id='line_1_4' title="bbox 74 517 1044 605; baseline 0.003 -21"><span class='ocrx_word' id='word_1_18' title='bbox 74 517 207 585; x_wconf 89' lang='lat' dir='ltr'>nullam</span> <span class='ocrx_word' id='word_1_19' title='bbox 235 540 326 603; x_wconf 90' lang='lat' dir='ltr'>spem</span> <span class='ocrx_word' id='word_1_20' title='bbox 355 541 394 584; x_wconf 86' lang='lat' dir='ltr'>ex</span> <span class='ocrx_word' id='word_1_21' title='bbox 421 520 518 585; x_wconf 84' lang='lat' dir='ltr'>caede</span> <span class='ocrx_word' id='word_1_22' title='bbox 545 520 628 604; x_wconf 89' lang='lat' dir='ltr'>eius,</span> <span class='ocrx_word' id='word_1_23' title='bbox 661 542 757 605; x_wconf 90' lang='lat' dir='ltr'>quem</span> <span class='ocrx_word' id='word_1_24' title='bbox 783 519 926 586; x_wconf 88' lang='lat' dir='ltr'>occisum</span> <span class='ocrx_word' id='word_1_25' title='bbox 954 543 1044 587; x_wconf 86' lang='lat' dir='ltr'>accu-</span> 
     </span>
     <span class='ocr_line' id='line_1_5' title="bbox 77 609 1045 694; baseline 0 -20"><span class='ocrx_word' id='word_1_26' title='bbox 77 612 172 674; x_wconf 86' lang='lat' dir='ltr'>sator</span> <span class='ocrx_word' id='word_1_27' title='bbox 199 609 359 693; x_wconf 88' lang='lat' dir='ltr'>queritur,</span> <span class='ocrx_word' id='word_1_28' title='bbox 392 609 560 693; x_wconf 77' lang='lat' dir='ltr'>concipere</span> <span class='ocrx_word' id='word_1_29' title='bbox 588 609 707 693; x_wconf 90' lang='lat' dir='ltr'>potuit:</span> <span class='ocrx_word' id='word_1_30' title='bbox 741 613 774 677; x_wconf 86' lang='lat' dir='ltr'>et</span> <span class='ocrx_word' id='word_1_31' title='bbox 804 609 911 675; x_wconf 88' lang='lat' dir='ltr'>officio</span> <span class='ocrx_word' id='word_1_32' title='bbox 937 609 1045 694; x_wconf 90' lang='lat' dir='ltr'>inpul-</span> 
     </span>
     <span class='ocr_line' id='line_1_6' title="bbox 77 697 1079 783; baseline 0.001 -21"><span class='ocrx_word' id='word_1_33' title='bbox 77 719 146 782; x_wconf 87' lang='lat' dir='ltr'>sus,</span> <span class='ocrx_word' id='word_1_34' title='bbox 169 697 298 764; x_wconf 88' lang='lat' dir='ltr'>etiamsi</span> <span class='ocrx_word' id='word_1_35' title='bbox 321 698 434 783; x_wconf 86' lang='lat' dir='ltr'>lapsus</span> <span class='ocrx_word' id='word_1_36' title='bbox 458 703 523 783; x_wconf 83' lang='lat' dir='ltr'>est,</span> <span class='ocrx_word' id='word_1_37' title='bbox 544 703 657 764; x_wconf 88' lang='lat' dir='ltr'>tamen</span> <span class='ocrx_word' id='word_1_38' title='bbox 679 698 782 764; x_wconf 81' lang='lat' dir='ltr'>veluti</span> <span class='ocrx_word' id='word_1_39' title='bbox 803 698 886 783; x_wconf 76' lang='lat' dir='ltr'>legis</span> <span class='ocrx_word' id='word_1_40' title='bbox 906 699 1079 765; x_wconf 77' lang='lat' dir='ltr'>concilies</span> 
     </span>
     <span class='ocr_line' id='line_1_7' title="bbox 78 785 1044 873; baseline 0 -21"><span class='ocrx_word' id='word_1_41' title='bbox 78 787 234 870; x_wconf 88' lang='lat' dir='ltr'>deceptus</span> <span class='ocrx_word' id='word_1_42' title='bbox 261 791 321 853; x_wconf 88' lang='lat' dir='ltr'>est.</span> <span class='ocrx_word' id='word_1_43' title='bbox 371 785 419 853; x_wconf 90' lang='lat' dir='ltr'>Ut</span> <span class='ocrx_word' id='word_1_44' title='bbox 444 788 524 853; x_wconf 88' lang='lat' dir='ltr'>haec</span> <span class='ocrx_word' id='word_1_45' title='bbox 558 787 756 873; x_wconf 89' lang='lat' dir='ltr'>communia,</span> <span class='ocrx_word' id='word_1_46' title='bbox 787 788 835 852; x_wconf 89' lang='lat' dir='ltr'>ita</span> <span class='ocrx_word' id='word_1_47' title='bbox 865 787 946 852; x_wconf 91' lang='lat' dir='ltr'>illud</span> <span class='ocrx_word' id='word_1_48' title='bbox 977 788 1044 852; x_wconf 91' lang='lat' dir='ltr'>iarn</span> 
     </span>
     <span class='ocr_line' id='line_1_8' title="bbox 77 875 1043 960; baseline 0.002 -20"><span class='ocrx_word' id='word_1_49' title='bbox 77 877 258 960; x_wconf 84' lang='lat' dir='ltr'>proprium,</span> <span class='ocrx_word' id='word_1_50' title='bbox 271 878 353 958; x_wconf 82' lang='lat' dir='ltr'>quod</span> <span class='ocrx_word' id='word_1_51' title='bbox 366 877 395 942; x_wconf 91' lang='lat' dir='ltr'>si</span> <span class='ocrx_word' id='word_1_52' title='bbox 410 876 515 943; x_wconf 89' lang='lat' dir='ltr'>ullum</span> <span class='ocrx_word' id='word_1_53' title='bbox 529 876 684 942; x_wconf 83' lang='lat' dir='ltr'>adversus</span> <span class='ocrx_word' id='word_1_54' title='bbox 700 876 788 942; x_wconf 88' lang='lat' dir='ltr'>hunc</span> <span class='ocrx_word' id='word_1_55' title='bbox 803 875 1043 943; x_wconf 78' lang='lat' dir='ltr'>adulescentem</span> 
     </span>
     <span class='ocr_line' id='line_1_9' title="bbox 77 965 1044 1053; baseline 0.001 -24"><span class='ocrx_word' id='word_1_56' title='bbox 77 965 250 1031; x_wconf 88' lang='lat' dir='ltr'>habuisset</span> <span class='ocrx_word' id='word_1_57' title='bbox 281 965 390 1032; x_wconf 90' lang='lat' dir='ltr'>odium</span> <span class='ocrx_word' id='word_1_58' title='bbox 422 967 650 1052; x_wconf 80' lang='lat' dir='ltr'>magistratus,</span> <span class='ocrx_word' id='word_1_59' title='bbox 681 967 789 1053; x_wconf 82' lang='lat' dir='ltr'>magis</span> <span class='ocrx_word' id='word_1_60' title='bbox 818 966 947 1031; x_wconf 88' lang='lat' dir='ltr'>insania</span> <span class='ocrx_word' id='word_1_61' title='bbox 975 966 1044 1030; x_wconf 91' lang='lat' dir='ltr'>eius</span> 
     </span>
     <span class='ocr_line' id='line_1_10' title="bbox 77 1054 1043 1141; baseline 0 -22"><span class='ocrx_word' id='word_1_62' title='bbox 77 1054 316 1120; x_wconf 81' lang='lat' dir='ltr'>vindicabatur.</span> <span class='ocrx_word' id='word_1_63' title='bbox 339 1056 396 1134; x_wconf 85' lang='lat' dir='ltr'>sic,</span> <span class='ocrx_word' id='word_1_64' title='bbox 415 1077 489 1122; x_wconf 91' lang='lat' dir='ltr'>cum</span> <span class='ocrx_word' id='word_1_65' title='bbox 507 1056 555 1122; x_wconf 86' lang='lat' dir='ltr'>ita</span> <span class='ocrx_word' id='word_1_66' title='bbox 573 1055 819 1140; x_wconf 70' lang='lat' dir='ltr'>praeparaverit</span> <span class='ocrx_word' id='word_1_67' title='bbox 837 1076 977 1141; x_wconf 82' lang='lat' dir='ltr'>oausam,</span> <span class='ocrx_word' id='word_1_68' title='bbox 996 1055 1043 1119; x_wconf 92' lang='lat' dir='ltr'>in·</span> 
     </span>
     <span class='ocr_line' id='line_1_11' title="bbox 78 1143 1097 1230; baseline 0.001 -21"><span class='ocrx_word' id='word_1_69' title='bbox 78 1144 162 1229; x_wconf 88' lang='lat' dir='ltr'>cipit</span> <span class='ocrx_word' id='word_1_70' title='bbox 184 1143 223 1209; x_wconf 89' lang='lat' dir='ltr'>de</span> <span class='ocrx_word' id='word_1_71' title='bbox 245 1144 315 1209; x_wconf 87' lang='lat' dir='ltr'>iure</span> <span class='ocrx_word' id='word_1_72' title='bbox 338 1166 397 1210; x_wconf 84' lang='lat' dir='ltr'>suo</span> <span class='ocrx_word' id='word_1_73' title='bbox 419 1145 519 1230; x_wconf 77' lang='lat' dir='ltr'>loqui</span> <span class='ocrx_word' id='word_1_74' title='bbox 1064 1159 1097 1210; x_wconf 86' lang='lat'>10</span> 
     </span>
    </p>
   </div>
   <div class='ocr_carea' id='block_1_3' title="bbox 397 1319 728 1392">
    <p class='ocr_par' dir='ltr' id='par_1_3' title="bbox 397 1319 728 1392">
     <span class='ocr_line' id='line_1_12' title="bbox 397 1319 728 1392; baseline 0.003 -4"><span class='ocrx_word' id='word_1_75' title='bbox 397 1319 728 1392; x_wconf 73' lang='lat' dir='ltr'><strong>DEOLAMATIO.</strong></span> 
     </span>
    </p>
   </div>
   <div class='ocr_carea' id='block_1_4' title="bbox 78 1445 1045 1712">
    <p class='ocr_par' dir='ltr' id='par_1_4' title="bbox 78 1445 1045 1712">
     <span class='ocr_line' id='line_1_13' title="bbox 148 1445 1045 1533; baseline 0.002 -21"><span class='ocrx_word' id='word_1_76' title='bbox 148 1445 407 1533; x_wconf 80' lang='lat' dir='ltr'>Magistratus</span> <span class='ocrx_word' id='word_1_77' title='bbox 445 1448 488 1513; x_wconf 91' lang='lat' dir='ltr'>de</span> <span class='ocrx_word' id='word_1_78' title='bbox 526 1447 704 1515; x_wconf 85' lang='lat' dir='ltr'>confesso</span> <span class='ocrx_word' id='word_1_79' title='bbox 738 1452 864 1514; x_wconf 87' lang='lat' dir='ltr'>sumat</span> <span class='ocrx_word' id='word_1_80' title='bbox 896 1449 1045 1533; x_wconf 90' lang='lat' dir='ltr'>suppli·</span> 
     </span>
     <span class='ocr_line' id='line_1_14' title="bbox 80 1535 1044 1604; baseline 0 -2"><span class='ocrx_word' id='word_1_81' title='bbox 80 1537 188 1603; x_wconf 90' lang='lat' dir='ltr'>cium.</span> <span class='ocrx_word' id='word_1_82' title='bbox 242 1535 369 1602; x_wconf 89' lang='lat' dir='ltr'>Durum</span> <span class='ocrx_word' id='word_1_83' title='bbox 398 1537 617 1604; x_wconf 88' lang='lat' dir='ltr'>ministerium</span> <span class='ocrx_word' id='word_1_84' title='bbox 646 1541 679 1604; x_wconf 86' lang='lat' dir='ltr'>et</span> <span class='ocrx_word' id='word_1_85' title='bbox 705 1537 880 1604; x_wconf 87' lang='lat' dir='ltr'>iniucunda</span> <span class='ocrx_word' id='word_1_86' title='bbox 911 1537 1044 1603; x_wconf 90' lang='lat' dir='ltr'>honoris</span> 
     </span>
     <span class='ocr_line' id='line_1_15' title="bbox 78 1625 1045 1712; baseline 0 -21"><span class='ocrx_word' id='word_1_87' title='bbox 78 1625 177 1692; x_wconf 89' lang='lat' dir='ltr'>huius</span> <span class='ocrx_word' id='word_1_88' title='bbox 200 1626 386 1692; x_wconf 81' lang='lat' dir='ltr'>necessitas.</span> <span class='ocrx_word' id='word_1_89' title='bbox 432 1626 487 1693; x_wconf 90' lang='lat' dir='ltr'>sed</span> <span class='ocrx_word' id='word_1_90' title='bbox 502 1628 586 1711; x_wconf 80' lang='lat' dir='ltr'>&#39;quis</span> <span class='ocrx_word' id='word_1_91' title='bbox 614 1627 724 1712; x_wconf 87' lang='lat' dir='ltr'>potius</span> <span class='ocrx_word' id='word_1_92' title='bbox 751 1627 842 1712; x_wconf 81' lang='lat' dir='ltr'>leges</span> <span class='ocrx_word' id='word_1_93' title='bbox 870 1630 1045 1711; x_wconf 85' lang='lat' dir='ltr'>exequetur</span> 
     </span>
    </p>
   </div>
   <div class='ocr_carea' id='block_1_5' title="bbox 80 1714 1098 3050">
    <p class='ocr_par' dir='ltr' id='par_1_5' title="bbox 80 1714 1097 2067">
     <span class='ocr_line' id='line_1_16' title="bbox 82 1714 1097 1802; baseline -0.002 -21"><span class='ocrx_word' id='word_1_94' title='bbox 82 1719 115 1781; x_wconf 86' lang='lat' dir='ltr'>et</span> <span class='ocrx_word' id='word_1_95' title='bbox 137 1714 306 1780; x_wconf 89' lang='lat' dir='ltr'>hominurn</span> <span class='ocrx_word' id='word_1_96' title='bbox 330 1716 513 1801; x_wconf 86' lang='lat' dir='ltr'>commissa,</span> <span class='ocrx_word' id='word_1_97' title='bbox 542 1716 607 1781; x_wconf 89' lang='lat' dir='ltr'>nisi</span> <span class='ocrx_word' id='word_1_98' title='bbox 633 1717 779 1801; x_wconf 89' lang='lat' dir='ltr'>quirem</span> <span class='ocrx_word' id='word_1_99' title='bbox 802 1716 966 1802; x_wconf 90' lang='lat' dir='ltr'>publicam</span> <span class='ocrx_word' id='word_1_100' title='bbox 990 1715 1043 1781; x_wconf 94' lang='lat' dir='ltr'>ad·</span> <span class='ocrx_word' id='word_1_101' title='bbox 1064 1730 1097 1780; x_wconf 80' lang='lat'>15</span> 
     </span>
     <span class='ocr_line' id='line_1_17' title="bbox 80 1803 1046 1890; baseline -0.001 -20"><span class='ocrx_word' id='word_1_102' title='bbox 80 1803 291 1870; x_wconf 79' lang='lat' dir='ltr'>ministrant?</span> <span class='ocrx_word' id='word_1_103' title='bbox 313 1826 408 1869; x_wconf 89' lang='lat' dir='ltr'>nemo</span> <span class='ocrx_word' id='word_1_104' title='bbox 430 1804 518 1870; x_wconf 91' lang='lat' dir='ltr'>istud</span> <span class='ocrx_word' id='word_1_105' title='bbox 541 1805 663 1872; x_wconf 88' lang='lat' dir='ltr'>faceret</span> <span class='ocrx_word' id='word_1_106' title='bbox 685 1805 834 1890; x_wconf 88' lang='lat' dir='ltr'>libenter,</span> <span class='ocrx_word' id='word_1_107' title='bbox 854 1805 920 1869; x_wconf 88' lang='lat' dir='ltr'>nisi</span> <span class='ocrx_word' id='word_1_108' title='bbox 938 1824 1046 1869; x_wconf 87' lang='lat' dir='ltr'>neces·</span> 
     </span>
     <span class='ocr_line' id='line_1_18' title="bbox 82 1891 1046 1980; baseline -0.002 -22"><span class='ocrx_word' id='word_1_109' title='bbox 82 1894 190 1959; x_wconf 86' lang='lat' dir='ltr'>sitste.</span> <span class='ocrx_word' id='word_1_110' title='bbox 214 1913 292 1980; x_wconf 84' lang='lat' dir='ltr'>ergo</span> <span class='ocrx_word' id='word_1_111' title='bbox 315 1915 382 1959; x_wconf 92' lang='lat' dir='ltr'>non</span> <span class='ocrx_word' id='word_1_112' title='bbox 407 1894 512 1960; x_wconf 89' lang='lat' dir='ltr'>solum</span> <span class='ocrx_word' id='word_1_113' title='bbox 535 1894 629 1960; x_wconf 89' lang='lat' dir='ltr'>licuit</span> <span class='ocrx_word' id='word_1_114' title='bbox 651 1893 733 1959; x_wconf 91' lang='lat' dir='ltr'>mihi</span> <span class='ocrx_word' id='word_1_115' title='bbox 757 1892 902 1960; x_wconf 89' lang='lat' dir='ltr'>occidere</span> <span class='ocrx_word' id='word_1_116' title='bbox 921 1891 1046 1958; x_wconf 88' lang='lat' dir='ltr'>confes·</span> 
     </span>
     <span class='ocr_line' id='line_1_19' title="bbox 82 1982 832 2067; baseline -0.003 -19"><span class='ocrx_word' id='word_1_117' title='bbox 82 2005 164 2065; x_wconf 90' lang='lat' dir='ltr'>sum,</span> <span class='ocrx_word' id='word_1_118' title='bbox 188 1982 376 2067; x_wconf 88' lang='lat' dir='ltr'>sedetiam,</span> <span class='ocrx_word' id='word_1_119' title='bbox 400 1983 429 2048; x_wconf 88' lang='lat' dir='ltr'>si</span> <span class='ocrx_word' id='word_1_120' title='bbox 450 1983 583 2067; x_wconf 88' lang='lat' dir='ltr'>nollem,</span> <span class='ocrx_word' id='word_1_121' title='bbox 605 2003 736 2048; x_wconf 88' lang='lat' dir='ltr'>necesse</span> <span class='ocrx_word' id='word_1_122' title='bbox 759 1982 832 2047; x_wconf 85' lang='lat' dir='ltr'>fuit.</span> 
     </span>
    </p>

    <p class='ocr_par' dir='ltr' id='par_1_6' title="bbox 80 2070 1098 3050">
     <span class='ocr_line' id='line_1_20' title="bbox 148 2070 1045 2158; baseline -0.002 -21"><span class='ocrx_word' id='word_1_123' title='bbox 148 2070 335 2158; x_wconf 84' lang='lat' dir='ltr'>Videamus,</span> <span class='ocrx_word' id='word_1_124' title='bbox 353 2094 396 2137; x_wconf 88' lang='lat' dir='ltr'>au</span> <span class='ocrx_word' id='word_1_125' title='bbox 414 2071 470 2137; x_wconf 92' lang='lat' dir='ltr'>ille</span> <span class='ocrx_word' id='word_1_126' title='bbox 490 2071 657 2138; x_wconf 88' lang='lat' dir='ltr'>confessus</span> <span class='ocrx_word' id='word_1_127' title='bbox 677 2072 729 2138; x_wconf 89' lang='lat' dir='ltr'>sit.</span> <span class='ocrx_word' id='word_1_128' title='bbox 751 2074 853 2137; x_wconf 88' lang='lat' dir='ltr'>testes</span> <span class='ocrx_word' id='word_1_129' title='bbox 871 2071 1045 2156; x_wconf 86' lang='lat' dir='ltr'>praebeam</span> 
     </span>
     <span class='ocr_line' id='line_1_21' title="bbox 80 2159 1098 2247; baseline -0.004 -18"><span class='ocrx_word' id='word_1_130' title='bbox 80 2159 200 2229; x_wconf 81' lang='lat' dir='ltr'>vobis?</span> <span class='ocrx_word' id='word_1_131' title='bbox 222 2165 294 2228; x_wconf 87' lang='lat' dir='ltr'>tota</span> <span class='ocrx_word' id='word_1_132' title='bbox 317 2161 449 2227; x_wconf 82' lang='lat' dir='ltr'>civitate</span> <span class='ocrx_word' id='word_1_133' title='bbox 474 2160 585 2228; x_wconf 85' lang='lat' dir='ltr'>andita</span> <span class='ocrx_word' id='word_1_134' title='bbox 606 2182 669 2227; x_wconf 82' lang='lat' dir='ltr'>vox</span> <span class='ocrx_word' id='word_1_135' title='bbox 694 2165 757 2247; x_wconf 57' lang='lat' dir='ltr'>est,</span> <span class='ocrx_word' id='word_1_136' title='bbox 798 2183 839 2227; x_wconf 90' lang='lat' dir='ltr'>ne</span> <span class='ocrx_word' id='word_1_137' title='bbox 860 2161 950 2246; x_wconf 89' lang='lat' dir='ltr'>ipsos</span> <span class='ocrx_word' id='word_1_138' title='bbox 975 2161 1044 2246; x_wconf 89' lang='lat' dir='ltr'>qui-</span> <span class='ocrx_word' id='word_1_139' title='bbox 1064 2176 1098 2226; x_wconf 78' lang='lat'>20</span> 
     </span>
     <span class='ocr_line' id='line_1_22' title="bbox 82 2249 1046 2338; baseline -0.002 -22"><span class='ocrx_word' id='word_1_140' title='bbox 82 2251 156 2317; x_wconf 90' lang='lat' dir='ltr'>dem</span> <span class='ocrx_word' id='word_1_141' title='bbox 176 2253 381 2318; x_wconf 84' lang='lat' dir='ltr'>accusatores</span> <span class='ocrx_word' id='word_1_142' title='bbox 399 2254 577 2338; x_wconf 81' lang='lat' dir='ltr'>negaturos</span> <span class='ocrx_word' id='word_1_143' title='bbox 596 2271 667 2316; x_wconf 87' lang='lat' dir='ltr'>esse</span> <span class='ocrx_word' id='word_1_144' title='bbox 687 2250 824 2336; x_wconf 85' lang='lat' dir='ltr'>confido,</span> <span class='ocrx_word' id='word_1_145' title='bbox 841 2249 943 2335; x_wconf 88' lang='lat' dir='ltr'>ipsius</span> <span class='ocrx_word' id='word_1_146' title='bbox 957 2271 1046 2334; x_wconf 82' lang='lat' dir='ltr'>voce,</span> 
     </span>
     <span class='ocr_line' id='line_1_23' title="bbox 81 2329 1047 2428; baseline -0.006 -21"><span class='ocrx_word' id='word_1_147' title='bbox 81 2341 185 2425; x_wconf 86' lang='lat' dir='ltr'>ipsius</span> <span class='ocrx_word' id='word_1_148' title='bbox 214 2339 328 2427; x_wconf 80' lang='lat' dir='ltr'>lingua</span> <span class='ocrx_word' id='word_1_149' title='bbox 356 2360 425 2405; x_wconf 88' lang='lat' dir='ltr'>esse</span> <span class='ocrx_word' id='word_1_150' title='bbox 453 2340 577 2408; x_wconf 83' lang='lat' dir='ltr'>dictum</span> <span class='ocrx_word' id='word_1_151' title='bbox 599 2361 682 2428; x_wconf 77' lang='lat' dir='ltr'>»ego</span> <span class='ocrx_word' id='word_1_152' title='bbox 706 2343 752 2426; x_wconf 86' lang='lat' dir='ltr'>te,</span> <span class='ocrx_word' id='word_1_153' title='bbox 779 2342 886 2424; x_wconf 87' lang='lat' dir='ltr'>pater,</span> <span class='ocrx_word' id='word_1_154' title='bbox 909 2329 1047 2422; x_wconf 77' lang='lat' dir='ltr'>occidic3</span> 
     </span>
     <span class='ocr_line' id='line_1_24' title="bbox 82 2427 1047 2515; baseline -0.006 -19"><span class='ocrx_word' id='word_1_155' title='bbox 82 2435 116 2496; x_wconf 90' lang='lat' dir='ltr'>et</span> <span class='ocrx_word' id='word_1_156' title='bbox 138 2451 205 2496; x_wconf 91' lang='lat' dir='ltr'>non</span> <span class='ocrx_word' id='word_1_157' title='bbox 228 2429 328 2495; x_wconf 90' lang='lat' dir='ltr'>semel</span> <span class='ocrx_word' id='word_1_158' title='bbox 352 2428 547 2515; x_wconf 70' lang='lat' dir='ltr'>dictumue</span> <span class='ocrx_word' id='word_1_159' title='bbox 571 2452 665 2496; x_wconf 88' lang='lat' dir='ltr'>casus</span> <span class='ocrx_word' id='word_1_160' title='bbox 689 2429 861 2495; x_wconf 82' lang='lat' dir='ltr'>videretur.</span> <span class='ocrx_word' id='word_1_161' title='bbox 888 2430 941 2514; x_wconf 78' lang='lat' dir='ltr'>„at</span> <span class='ocrx_word' id='word_1_162' title='bbox 959 2427 1047 2492; x_wconf 88' lang='lat' dir='ltr'>enim</span> 
     </span>
     <span class='ocr_line' id='line_1_25' title="bbox 82 2517 1046 2604; baseline -0.004 -18"><span class='ocrx_word' id='word_1_163' title='bbox 82 2517 242 2586; x_wconf 85' lang='lat' dir='ltr'>confessio</span> <span class='ocrx_word' id='word_1_164' title='bbox 270 2517 421 2584; x_wconf 88' lang='lat' dir='ltr'>habenda</span> <span class='ocrx_word' id='word_1_165' title='bbox 446 2540 514 2586; x_wconf 88' lang='lat' dir='ltr'>non</span> <span class='ocrx_word' id='word_1_166' title='bbox 540 2522 604 2604; x_wconf 84' lang='lat' dir='ltr'>est,</span> <span class='ocrx_word' id='word_1_167' title='bbox 631 2518 695 2585; x_wconf 91' lang='lat' dir='ltr'>nisi</span> <span class='ocrx_word' id='word_1_168' title='bbox 719 2539 801 2604; x_wconf 87' lang='lat' dir='ltr'>quae</span> <span class='ocrx_word' id='word_1_169' title='bbox 825 2540 845 2583; x_wconf 87' lang='lat' dir='ltr'>a</span> <span class='ocrx_word' id='word_1_170' title='bbox 869 2537 949 2583; x_wconf 88' lang='lat' dir='ltr'>saue</span> <span class='ocrx_word' id='word_1_171' title='bbox 972 2537 1046 2602; x_wconf 92' lang='lat' dir='ltr'>pro-</span> 
     </span>
     <span class='ocr_line' id='line_1_26' title="bbox 82 2605 1098 2695; baseline -0.004 -21"><span class='ocrx_word' id='word_1_172' title='bbox 82 2606 265 2675; x_wconf 87' lang='lat' dir='ltr'>ficiscitur.“</span> <span class='ocrx_word' id='word_1_173' title='bbox 286 2605 364 2674; x_wconf 91' lang='lat' dir='ltr'>Non</span> <span class='ocrx_word' id='word_1_174' title='bbox 377 2607 481 2695; x_wconf 82' lang='lat' dir='ltr'>video,</span> <span class='ocrx_word' id='word_1_175' title='bbox 504 2630 561 2675; x_wconf 89' lang='lat' dir='ltr'>cur</span> <span class='ocrx_word' id='word_1_176' title='bbox 581 2607 622 2674; x_wconf 90' lang='lat' dir='ltr'>ad</span> <span class='ocrx_word' id='word_1_177' title='bbox 640 2609 723 2674; x_wconf 90' lang='lat' dir='ltr'>hanc</span> <span class='ocrx_word' id='word_1_178' title='bbox 742 2605 1045 2693; x_wconf 84' lang='lat' dir='ltr'>interpretationem</span> <span class='ocrx_word' id='word_1_179' title='bbox 1064 2619 1098 2671; x_wconf 77' lang='lat' dir='ltr'>au</span> 
     </span>
     <span class='ocr_line' id='line_1_27' title="bbox 83 2695 1045 2784; baseline -0.003 -22"><span class='ocrx_word' id='word_1_180' title='bbox 83 2697 262 2764; x_wconf 88' lang='lat' dir='ltr'>deducatur</span> <span class='ocrx_word' id='word_1_181' title='bbox 280 2697 330 2762; x_wconf 84' lang='lat' dir='ltr'>vis</span> <span class='ocrx_word' id='word_1_182' title='bbox 349 2697 444 2764; x_wconf 89' lang='lat' dir='ltr'>istius</span> <span class='ocrx_word' id='word_1_183' title='bbox 463 2697 564 2784; x_wconf 81' lang='lat' dir='ltr'>verbi,</span> <span class='ocrx_word' id='word_1_184' title='bbox 583 2697 669 2783; x_wconf 93' lang='lat' dir='ltr'>quod</span> <span class='ocrx_word' id='word_1_185' title='bbox 688 2697 760 2783; x_wconf 83' lang='lat' dir='ltr'>lege</span> <span class='ocrx_word' id='word_1_186' title='bbox 777 2695 1045 2781; x_wconf 87' lang='lat' dir='ltr'>comprehensum</span> 
     </span>
     <span class='ocr_line' id='line_1_28' title="bbox 84 2784 1047 2874; baseline -0.004 -21"><span class='ocrx_word' id='word_1_187' title='bbox 84 2791 142 2853; x_wconf 88' lang='lat' dir='ltr'>est.</span> <span class='ocrx_word' id='word_1_188' title='bbox 189 2807 249 2874; x_wconf 87' lang='lat' dir='ltr'>ego</span> <span class='ocrx_word' id='word_1_189' title='bbox 279 2786 366 2852; x_wconf 88' lang='lat' dir='ltr'>enim</span> <span class='ocrx_word' id='word_1_190' title='bbox 394 2785 629 2853; x_wconf 84' lang='lat' dir='ltr'>confessionem</span> <span class='ocrx_word' id='word_1_191' title='bbox 657 2786 807 2852; x_wconf 86' lang='lat' dir='ltr'>existimo</span> <span class='ocrx_word' id='word_1_192' title='bbox 831 2784 1047 2870; x_wconf 86' lang='lat' dir='ltr'>qualemcum-</span> 
     </span>
     <span class='ocr_line' id='line_1_29' title="bbox 83 2872 1046 2963; baseline -0.001 -23"><span class='ocrx_word' id='word_1_193' title='bbox 83 2897 146 2963; x_wconf 85' lang='lat' dir='ltr'>que</span> <span class='ocrx_word' id='word_1_194' title='bbox 170 2879 283 2944; x_wconf 87' lang='lat' dir='ltr'>contra</span> <span class='ocrx_word' id='word_1_195' title='bbox 302 2896 336 2940; x_wconf 89' lang='lat' dir='ltr'>se</span> <span class='ocrx_word' id='word_1_196' title='bbox 355 2876 668 2962; x_wconf 63' lang='lat' dir='ltr'>pronuntiationem</span> <span class='ocrx_word' id='word_1_197' title='bbox 690 2896 749 2940; x_wconf 89' lang='lat' dir='ltr'>neo</span> <span class='ocrx_word' id='word_1_198' title='bbox 768 2896 820 2940; x_wconf 91' lang='lat' dir='ltr'>me</span> <span class='ocrx_word' id='word_1_199' title='bbox 840 2873 978 2939; x_wconf 89' lang='lat' dir='ltr'>scrutari</span> <span class='ocrx_word' id='word_1_200' title='bbox 992 2872 1046 2939; x_wconf 87' lang='lat' dir='ltr'>lex</span> 
     </span>
     <span class='ocr_line' id='line_1_30' title="bbox 82 2963 1046 3050; baseline -0.003 -19"><span class='ocrx_word' id='word_1_201' title='bbox 82 2966 188 3050; x_wconf 87' lang='lat' dir='ltr'>iubet,</span> <span class='ocrx_word' id='word_1_202' title='bbox 214 2987 278 3050; x_wconf 89' lang='lat' dir='ltr'>qua</span> <span class='ocrx_word' id='word_1_203' title='bbox 301 2965 373 3050; x_wconf 88' lang='lat' dir='ltr'>quis</span> <span class='ocrx_word' id='word_1_204' title='bbox 396 2986 494 3031; x_wconf 89' lang='lat' dir='ltr'>causa</span> <span class='ocrx_word' id='word_1_205' title='bbox 517 2965 683 3032; x_wconf 81' lang='lat' dir='ltr'>confessus</span> <span class='ocrx_word' id='word_1_206' title='bbox 708 2963 761 3030; x_wconf 90' lang='lat' dir='ltr'>sit.</span> <span class='ocrx_word' id='word_1_207' title='bbox 805 2965 905 3029; x_wconf 88' lang='lat' dir='ltr'>immo</span> <span class='ocrx_word' id='word_1_208' title='bbox 929 2984 968 3028; x_wconf 90' lang='lat' dir='ltr'>ea</span> <span class='ocrx_word' id='word_1_209' title='bbox 990 2985 1046 3028; x_wconf 90' lang='lat' dir='ltr'>na-</span> 
     </span>
    </p>
   </div>
   <div class='ocr_carea' id='block_1_6' title="bbox 82 3119 1049 3554">
    <p class='ocr_par' dir='ltr' id='par_1_7' title="bbox 82 3119 1049 3554">
     <span class='ocr_line' id='line_1_31' title="bbox 156 3119 1048 3204; baseline -0.002 -26"><span class='ocrx_word' id='word_1_210' title='bbox 156 3127 257 3193; x_wconf 75' lang='lat' dir='ltr'>2ql‚</span> <span class='ocrx_word' id='word_1_211' title='bbox 277 3122 326 3204; x_wconf 85' lang='lat' dir='ltr'>qui</span> <span class='ocrx_word' id='word_1_212' title='bbox 343 3126 418 3192; x_wconf 74' lang='lat' dir='ltr'>Pd⁶</span> <span class='ocrx_word' id='word_1_213' title='bbox 435 3123 512 3193; x_wconf 79' lang='lat' dir='ltr'>leges</span> <span class='ocrx_word' id='word_1_214' title='bbox 531 3127 587 3191; x_wconf 72' lang='grc' dir='ltr'>ΑΒ,</span> <span class='ocrx_word' id='word_1_215' title='bbox 606 3120 763 3192; x_wconf 68' lang='lat' dir='ltr'>oooaSctlt</span> <span class='ocrx_word' id='word_1_216' title='bbox 777 3127 792 3176; x_wconf 74' lang='lat' dir='ltr'>‘l</span> <span class='ocrx_word' id='word_1_217' title='bbox 811 3121 864 3175; x_wconf 81' lang='lat' dir='ltr'>*nt</span> <span class='ocrx_word' id='word_1_218' title='bbox 882 3125 930 3174; x_wconf 72' lang='grc' dir='ltr'>ΑΒ</span> <span class='ocrx_word' id='word_1_219' title='bbox 944 3119 1048 3192; x_wconf 73' lang='lat' dir='ltr'>nillum</span> 
     </span>
     <span class='ocr_line' id='line_1_32' title="bbox 83 3191 1048 3266; baseline -0.003 -17"><span class='ocrx_word' id='word_1_220' title='bbox 83 3199 124 3249; x_wconf 73' lang='lat' dir='ltr'>Aa</span> <span class='ocrx_word' id='word_1_221' title='bbox 145 3196 156 3262; x_wconf 92' lang='grc' dir='ltr'>Ι</span> <span class='ocrx_word' id='word_1_222' title='bbox 178 3194 404 3251; x_wconf 72' lang='lat' dir='ltr'>vvindrcabitur</span> <span class='ocrx_word' id='word_1_223' title='bbox 422 3198 487 3248; x_wconf 68' lang='lat' dir='ltr'>Aa!</span> <span class='ocrx_word' id='word_1_224' title='bbox 514 3197 523 3266; x_wconf 86' lang='grc' dir='ltr'>ΙΙ</span> <span class='ocrx_word' id='word_1_225' title='bbox 550 3194 647 3261; x_wconf 71' lang='lat' dir='ltr'>sin,</span> <span class='ocrx_word' id='word_1_226' title='bbox 666 3191 713 3247; x_wconf 91' lang='lat' dir='ltr'>hic</span> <span class='ocrx_word' id='word_1_227' title='bbox 731 3196 789 3249; x_wconf 77' lang='lat' dir='ltr'>Aer</span> <span class='ocrx_word' id='word_1_228' title='bbox 815 3195 825 3263; x_wconf 81' lang='grc'>11</span> <span class='ocrx_word' id='word_1_229' title='bbox 852 3191 1048 3247; x_wconf 74' lang='lat' dir='ltr'>9-10*inci·</span> 
     </span>
     <span class='ocr_line' id='line_1_33' title="bbox 82 3263 1047 3339; baseline -0.006 -18"><span class='ocrx_word' id='word_1_230' title='bbox 82 3265 186 3339; x_wconf 84' lang='lat' dir='ltr'>pi&lt;e&gt;t</span> <span class='ocrx_word' id='word_1_231' title='bbox 204 3265 242 3335; x_wconf 70' lang='grc'>(9)</span> <span class='ocrx_word' id='word_1_232' title='bbox 255 3268 265 3334; x_wconf 66' lang='lat' dir='ltr'>n</span> <span class='ocrx_word' id='word_1_233' title='bbox 280 3271 313 3321; x_wconf 90' lang='lat'>10</span> <span class='ocrx_word' id='word_1_234' title='bbox 332 3266 392 3321; x_wconf 80' lang='lat' dir='ltr'>viro</span> <span class='ocrx_word' id='word_1_235' title='bbox 410 3271 432 3319; x_wconf 75' lang='lat' dir='ltr'>B</span> <span class='ocrx_word' id='word_1_236' title='bbox 450 3268 460 3335; x_wconf 84' lang='grc' dir='ltr'>ΙΙ</span> <span class='ocrx_word' id='word_1_237' title='bbox 478 3272 511 3321; x_wconf 86' lang='grc'>13</span> <span class='ocrx_word' id='word_1_238' title='bbox 530 3263 682 3321; x_wconf 88' lang='lat' dir='ltr'>inioounda</span> <span class='ocrx_word' id='word_1_239' title='bbox 695 3266 759 3332; x_wconf 63' lang='lat' dir='ltr'>Aa!</span> <span class='ocrx_word' id='word_1_240' title='bbox 773 3270 807 3320; x_wconf 84' lang='lat'>14</span> <span class='ocrx_word' id='word_1_241' title='bbox 826 3263 974 3331; x_wconf 82' lang='lat' dir='ltr'>exequitur</span> <span class='ocrx_word' id='word_1_242' title='bbox 990 3267 1047 3330; x_wconf 66' lang='lat' dir='ltr'>AB,</span> 
     </span>
     <span class='ocr_line' id='line_1_34' title="bbox 83 3333 1049 3405; baseline -0.005 -13"><span class='ocrx_word' id='word_1_243' title='bbox 83 3353 152 3393; x_wconf 83' lang='lat' dir='ltr'>corr.</span> <span class='ocrx_word' id='word_1_244' title='bbox 173 3337 231 3392; x_wconf 83' lang='lat' dir='ltr'>Aer</span> <span class='ocrx_word' id='word_1_245' title='bbox 257 3338 267 3405; x_wconf 82' lang='grc' dir='ltr'>Ι</span> <span class='ocrx_word' id='word_1_246' title='bbox 296 3343 400 3392; x_wconf 78' lang='lat'>15—16</span> <span class='ocrx_word' id='word_1_247' title='bbox 420 3335 671 3392; x_wconf 85' lang='lat' dir='ltr'>*administrarent</span> <span class='ocrx_word' id='word_1_248' title='bbox 689 3333 726 3404; x_wconf 66' lang='lat' dir='ltr'>(t)</span> <span class='ocrx_word' id='word_1_249' title='bbox 745 3339 798 3404; x_wconf 70' lang='lat' dir='ltr'>Aa,</span> <span class='ocrx_word' id='word_1_250' title='bbox 824 3333 1049 3390; x_wconf 84' lang='lat' dir='ltr'>administrarint</span> 
     </span>
     <span class='ocr_line' id='line_1_35' title="bbox 82 3405 1047 3476; baseline -0.003 -15"><span class='ocrx_word' id='word_1_251' title='bbox 82 3413 136 3476; x_wconf 75' lang='lat' dir='ltr'>Ab,</span> <span class='ocrx_word' id='word_1_252' title='bbox 166 3407 371 3463; x_wconf 84' lang='lat' dir='ltr'>administrarit</span> <span class='ocrx_word' id='word_1_253' title='bbox 387 3413 421 3474; x_wconf 74' lang='lat'>133</span> <span class='ocrx_word' id='word_1_254' title='bbox 449 3407 629 3464; x_wconf 86' lang='lat' dir='ltr'>administrat</span> <span class='ocrx_word' id='word_1_255' title='bbox 647 3406 691 3463; x_wconf 81' lang='lat' dir='ltr'>Ro</span> <span class='ocrx_word' id='word_1_256' title='bbox 714 3408 723 3476; x_wconf 73' lang='grc' dir='ltr'>ΙΙ</span> <span class='ocrx_word' id='word_1_257' title='bbox 748 3413 781 3462; x_wconf 81' lang='grc'>16</span> <span class='ocrx_word' id='word_1_258' title='bbox 804 3405 897 3462; x_wconf 78' lang='lat' dir='ltr'>iacere</span> <span class='ocrx_word' id='word_1_259' title='bbox 915 3409 959 3459; x_wconf 76' lang='lat' dir='ltr'>n</span> <span class='ocrx_word' id='word_1_260' title='bbox 982 3408 996 3474; x_wconf 68' lang='lat' dir='ltr'>[t</span> <span class='ocrx_word' id='word_1_261' title='bbox 1016 3410 1047 3458; x_wconf 73' lang='lat'>19</span> 
     </span>
     <span class='ocr_line' id='line_1_36' title="bbox 83 3478 766 3554; baseline 0 -20"><span class='ocrx_word' id='word_1_262' title='bbox 83 3478 157 3534; x_wconf 80' lang='lat' dir='ltr'>conf.</span> <span class='ocrx_word' id='word_1_263' title='bbox 177 3481 221 3535; x_wconf 91' lang='lat' dir='ltr'>est</span> <span class='ocrx_word' id='word_1_264' title='bbox 239 3479 340 3534; x_wconf 85' lang='lat' dir='ltr'>testem</span> <span class='ocrx_word' id='word_1_265' title='bbox 357 3481 451 3549; x_wconf 71' lang='grc'><em>31122</em></span> <span class='ocrx_word' id='word_1_266' title='bbox 469 3479 549 3552; x_wconf 80' lang='lat' dir='ltr'>ligna</span> <span class='ocrx_word' id='word_1_267' title='bbox 568 3482 665 3554; x_wconf 65' lang='lat' dir='ltr'>nuit</span> <span class='ocrx_word' id='word_1_268' title='bbox 684 3485 719 3536; x_wconf 84' lang='grc' dir='ltr'>Ν</span> <span class='ocrx_word' id='word_1_269' title='bbox 743 3483 766 3534; x_wconf 67' lang='lat' dir='ltr'>k</span> 
     </span>
    </p>
   </div>
   <div class='ocr_carea' id='block_1_7' title="bbox 0 0 1206 3816">
    <p class='ocr_par' dir='ltr' id='par_1_8' title="bbox 0 0 1206 3816">
     <span class='ocr_line' id='line_1_37' title="bbox 0 0 1206 3816; baseline 0 0"><span class='ocrx_word' id='word_1_270' title='bbox 0 0 1206 3816; x_wconf 95' lang='lat' dir='ltr'> </span> 
     </span>
    </p>
   </div>
  </div>
 </body>
</html>
