2386 3816
382 140 698 211 cuculummouus,
718 144 818 202 CGLK
1034 147 1077 212 65

110 305 232 371 melius
255 327 294 371 ac
317 304 435 390 maius,
462 326 608 372 servasse
631 330 725 373 suum
749 330 918 375 numerum
942 309 1077 394 civitati,

112 417 192 461 suos
217 393 369 461 ordines?
393 417 436 461 an
457 416 535 461 vero
555 395 641 476 illos,
664 397 720 482 qui
737 397 888 482 ingentes
906 400 1077 466 noxiorum
1107 420 1110 425 ·

111 483 259 550 familias
287 484 426 550 occisuri
447 487 558 549 tamen
580 489 730 571 pascunt,
756 488 872 571 plausu
893 487 1076 554 fovebimus

110 579 148 640 et
176 574 211 638 in
238 573 390 640 omnibus
413 574 606 657 spectaculis
631 573 818 642 adulatione
841 577 944 642 multa
967 599 1077 661 prose·

112 684 265 749 quemur:
288 662 388 747 hunc,
411 662 466 747 qui
489 666 617 746 partem
640 663 773 748 civium,
798 664 923 730 levibus
946 667 1077 732 offensis
1096 682 1112 733 5

112 752 277 836 miseram,
300 754 463 817 sustentat
485 773 523 817 ac
544 753 765 835 paenitentiae
787 776 864 820 suae
884 775 1077 841 suorumque

111 842 278 926 integram
292 843 411 923 servat,
424 840 497 927 lege
511 840 612 908 etiam
620 842 815 928 gravissima
826 845 1078 927 persequemur?

112 929 193 1015 quid
221 929 308 995 enim
333 929 429 994 nobis
458 934 528 994 tam
550 931 713 1015 naturale,
745 931 823 1016 quid
846 933 887 997 ab
911 932 984 1016 ipsa
1006 955 1079 1017 pro·

114 1018 262 1085 videntia
283 1017 391 1104 magis
414 1018 527 1084 datum
550 1041 803 1105 concessumque
830 1020 933 1087 videri
961 1025 1078 1106 potest,

111 1130 215 1193 quam
234 1108 320 1174 alere
337 1107 485 1174 homines
505 1129 543 1174 ac
562 1109 744 1174 sustinere?
767 1113 858 1174 muta
878 1131 929 1174 me
947 1110 1079 1176 hercule
1098 1127 1131 1176 10

111 1196 285 1281 animabo,
313 1218 395 1283 quae
423 1198 535 1263 venire
562 1196 602 1262 ad
630 1220 762 1263 manum
790 1203 824 1263 et
854 1220 1078 1265 mansuescere

112 1289 255 1372 queunt,
276 1307 342 1352 non
364 1285 541 1352 humanum
565 1285 672 1372 mode,
705 1287 761 1352 sed
784 1287 884 1353 etiam
907 1287 1078 1372 voluptuo-

114 1397 191 1442 sum
215 1378 265 1442 est
288 1375 373 1441 alere
398 1397 435 1442 ac
457 1397 597 1460 pascere.
632 1376 772 1462 quidde
796 1376 927 1442 homine
951 1376 1078 1443 dicam?

114 1465 330 1620 ἒῗῗιῖωθ
349 1465 455 1619 uu
471 1465 1079 1641 tttllulallltluighn⁰tulllltl
1099 1570 1132 1621 15

118 1603 240 1708 animrll
267 1643 330 1709 hcc
357 1642 416 1708 deo
443 1644 626 1727 proximum
654 1647 687 1710 et
714 1645 750 1709 in
773 1605 1080 1728 contemplationem

116 1731 275 1816 omnium,
297 1753 516 1817 quaecumque
539 1733 658 1799 mundo
682 1734 900 1820 contigerunt,
924 1734 1080 1799 constitu-

113 1826 190 1886 tum
211 1825 352 1906 porogat
374 1822 608 1907 producitque‘?
631 1823 687 1906 qui
710 1843 787 1906 opes
808 1843 882 1887 suas
902 1822 1080 1906 inpublieo

116 1911 239 1996 posuit,
262 1931 326 1995 quo
350 1910 511 1996 locuplete
528 1933 624 1977 nemo
643 1931 765 1996 pauper
785 1915 844 1993 est,
865 1931 961 1974 nemo
985 1909 1080 1995 eget?

185 1999 213 2066 Ο
236 2000 356 2065 misera
377 2000 539 2085 tempora!
575 2000 638 2065 hoc
661 1998 899 2064 defendendum
922 1997 994 2063 cst?
1022 1999 1080 2063 sci·
1099 2014 1133 2064 20

115 2089 197 2155 licet
226 2088 306 2155 illud
339 2089 522 2172 honestius,
552 2089 672 2155 liberos
705 2087 853 2154 sublatos
885 2087 1014 2172 iamque
1047 2087 1082 2151 in

119 2177 372 2245 adulescentiam
395 2182 566 2262 provectos
593 2178 713 2262 pellere
735 2177 832 2243 domo
855 2180 888 2242 et
909 2176 1082 2262 prohibere

119 2266 295 2353 penatibus
319 2270 352 2332 et
374 2268 497 2333 omissa
520 2266 712 2333 emendandi
734 2288 810 2333 cura
833 2266 879 2332 sic
899 2268 1023 2351 punire,
1045 2270 1082 2330 ut

118 2357 174 2422 his
198 2357 427 2423 succurrinon
451 2356 558 2422 liccat.
602 2355 800 2441 „Abdicatus
823 2357 857 2421 in
880 2355 1011 2420 domum
1034 2375 1082 2418 re-

117 2447 201 2531 cipit
219 2449 252 2512 et
270 2445 401 2531 pascit.“
431 2444 485 2512 Sic
502 2445 600 2528 istud,
613 2450 783 2529 tamquam
801 2444 985 2529 sacrilegos,
998 2447 1081 2508 tum·
1101 2458 1135 2507 cc

119 2557 222 2620 quam
244 2534 433 2618 homicidas,
455 2538 623 2620 tamquam
645 2533 811 2600 latrones?
845 2533 874 2598 si
895 2537 964 2597 tam
983 2551 1082 2617 grave

120 2625 245 2690 crimen
268 2628 318 2689 cst
335 2626 441 2689 aetate
460 2624 538 2706 labi,
561 2624 677 2689 sitam
695 2621 893 2707 inexpiabile
911 2620 1083 2687 offendisse

121 2712 298 2800 aliquando
330 2717 501 2798 paternam
524 2713 745 2779 severitatem:
776 2732 877 2777 novas
901 2709 1083 2796 excogitate

120 2804 226 2889 leges,
254 2801 418 2888 asperiora
446 2803 557 2888 aliqua
588 2799 776 2866 constituite
807 2799 974 2884 supplicia.
1022 2799 1083 2864 hos

121 2893 150 2960 ei
176 2912 309 2979 pascere
336 2891 516 2976 nonlicet,
542 2913 658 2976 parum
682 2894 732 2955 est
754 2889 911 2956 abdicare.
953 2888 1083 2971 Audite,
1102 2904 1136 2953 30

194 3073 211 3122 3
231 3067 388 3123 occisorum
406 3072 447 3121 Aa
469 3070 478 3137 u
501 3073 518 3121 4
541 3067 704 3122 adulatione
723 3065 813 3120 multa
831 3067 868 3131 A,
892 3064 929 3119 ad
947 3062 1084 3119 ultionem

122 3157 243 3213 multam
261 3158 305 3226 Bl
321 3162 353 3212 10
372 3157 462 3212 multa
475 3161 495 3209 B
510 3158 518 3224 Η
532 3155 621 3210 nihil
639 3171 714 3210 esse
731 3154 783 3209 int
803 3154 937 3209 laudem
957 3169 1086 3224 genera

123 3229 308 3285 sublimius
334 3245 431 3298 quam
455 3226 650 3283 hominibus
676 3225 841 3281 alimonia
868 3242 934 3280 non
960 3239 1085 3294 negare

124 3305 148 3353 A
161 3302 170 3370 l
185 3307 218 3358 1²
238 3299 463 3370 continentur(?)
479 3299 524 3355 Rc
536 3300 546 3368 ΙΙ
562 3302 594 3352 18
613 3299 662 3368 qui
680 3300 761 3380 om3³
773 3298 833 3420 tw
849 3293 881 3338 Ν
897 3298 943 3365 ΔΙι
957 3300 991 3349 22
1011 3312 1085 3364 pro·

124 3373 184 3442 rog
201 3376 233 3439 A,
252 3373 287 3440 cf.
306 3373 496 3441 0000171125
514 3374 648 3440 tanquam
666 3369 773 3425 hcmrci
793 3385 823 3423 ae
841 3382 891 3423 om.
911 3371 1004 3437 31130
1023 3382 1086 3436 par·

125 3448 230 3499 vum-B
243 3445 253 3512 ΙΙ
267 3444 362 3499 audite
382 3443 477 3499 audite
493 3461 521 3514 p.
542 3445 565 3496 A
596 3470 599 3475 ·

171 3541 310 3588 cnuthum
324 3541 389 3595 aar,
404 3543 440 3585 aa
456 3544 541 3589 secter.
932 3535 953 3586 b
