2386 3816
321 136 637 231 oroolnrrro'nus.
659 173 795 233 oecon.
957 176 1021 241 391

65 343 148 404 certe
172 360 245 403 eum
269 338 341 424 lege
364 339 468 423 patris
493 361 596 422 usum,
629 340 684 423 qni
709 340 807 404 sciret
827 361 887 404 neo
911 361 945 404 se
967 362 1023 424 pa·

64 429 145 492 trem
168 449 229 493 nee
251 427 336 492 huno
363 428 475 493 filium.
526 427 766 493 adulescentem
790 432 913 512 eutem,
948 428 1024 513 quia

63 515 205 581 nondum
232 521 440 602 prospectum
463 517 521 583 illo
545 520 693 601 tempore
715 520 841 600 patrem
863 516 1025 602 habuerit,

63 607 150 668 certe
181 604 258 689 quia
288 606 428 690 probare
459 628 525 670 non
561 606 719 691 potuerit,
751 605 906 671 tacuisse:
938 628 1025 671 nune

62 694 173 775 petere
196 693 364 760 talionem.
1043 711 1059 761 5

450 833 630 904 occult

258 957 322 1026 Lis
345 959 530 1042 publicanl
553 958 595 1027 olo
618 959 827 1026 unionibus.

62 1083 230 1151 Pronurus
255 1103 507 1151 msrnunnnrn
534 1101 690 1150 rrrnnnls
715 1101 829 1150 OMNES
852 1101 915 1151 Rus
940 1102 1025 1162 Qun·

152 1191 382 1240 unnensmnn
404 1190 600 1240 Pussnlcnno
619 1190 795 1238 Dusnnnr.
828 1190 1024 1240 Pussnlcnno

154 1279 324 1330 scnurnnr
342 1279 482 1329 monor.
513 1280 609 1341 Quen
634 1279 714 1340 Quls
737 1279 933 1328 rnornssus
951 1282 1025 1329 non
1044 1281 1078 1330 10

153 1369 296 1435 rurum,
324 1369 473 1418 Pnnnnr.
519 1367 715 1417 neruorum
742 1369 789 1417 nu
812 1367 939 1418 menno*
963 1370 1024 1417 sr-

153 1457 316 1506 rlnsunu.
353 1440 504 1507 Matrona
526 1440 589 1506 iter
611 1440 734 1506 faciens
758 1462 832 1505 oum
856 1441 896 1505 ad
918 1442 1025 1525 publi·

155 1550 252 1594 canos
270 1531 423 1614 venisset,
441 1530 576 1595 uniones
594 1530 720 1595 habens
740 1525 848 1595 0000
863 1530 898 1594 in
917 1531 1025 1596 sinum

151 1618 286 1685 abdidit.
331 1619 392 1684 hos
421 1640 494 1684 eum
521 1618 702 1704 requireret
723 1618 930 1703 publicanus,
957 1641 1025 1684 ma·

150 1712 247 1773 trono
279 1707 445 1772 scrutandi
472 1710 670 1792 potestatem
697 1706 785 1773 feeit.
831 1706 1024 1790 publicanus
1045 1722 1078 1773 15

151 1796 258 1861 noluit
274 1797 427 1862 scrutari:
446 1794 618 1862 translatis
637 1816 770 1860 manum
788 1795 882 1860 inioit
899 1799 933 1861 et
948 1818 1023 1862 suos

153 1884 241 1950 dicit.

450 2007 625 2074 SERMO.

131 2129 343 2208 Quaestiones
377 2137 469 2217 sunt,
496 2154 538 2199 an
568 2134 788 2199 instrumenta
819 2133 946 2200 itineris
979 2134 1025 2199 vi-

64 2221 133 2285 deri
157 2220 290 2288 uniones
312 2223 463 2310 possint?
501 2244 558 2307 an,
585 2221 715 2289 etiamsi
737 2245 805 2289 non
827 2223 956 2307 possint
977 2224 1025 2289 vi·
1043 2237 1078 2287 20

62 2309 139 2395 deri,
162 2315 275 2378 tamen
297 2313 451 2397 quoniam
474 2310 516 2377 ad
538 2333 633 2377 usum
657 2315 689 2376 et
711 2316 939 2377 ornamentum
957 2333 1025 2376 ma·

62 2403 177 2466 tronae
199 2401 308 2486 parati
328 2401 404 2486 sint,
427 2401 462 2466 in
479 2399 689 2468 commissum
708 2400 819 2466 venire
837 2398 1026 2484 potuerint?

62 2511 104 2553 an
128 2490 163 2554 in
184 2511 278 2555 usum
295 2490 405 2575 parati
422 2489 514 2556 sint?
538 2511 590 2576 an,
612 2488 641 2555 si
659 2489 694 2554 in
712 2510 807 2554 usum
825 2487 934 2574 parati
952 2488 1027 2573 sint,

61 2599 129 2641 non
156 2577 281 2643 ostensi
307 2578 413 2644 teneri
439 2577 583 2663 possint,
610 2599 682 2643 eum
711 2579 835 2644 ostensi
865 2576 949 2644 nihil
973 2577 1026 2643 de-

62 2665 217 2730 buerint?
236 2687 288 2750 an,
307 2665 454 2752 quamvis
473 2667 614 2734 serutari
631 2670 816 2732 matronam
834 2688 901 2733 non
918 2666 1027 2749 liceat,
1045 2679 1080 2730 25

63 2756 124 2836 [et]
149 2754 221 2838 ipsa
242 2755 454 2839 permittente
476 2757 535 2840 [et]
559 2754 733 2841 publicano
760 2754 909 2822 licuerit?
939 2754 1027 2840 <an>

63 2843 199 2927 perinde
226 2844 269 2909 sit
293 2844 525 2912 scrutationem
547 2843 745 2930 permisisse,
768 2865 806 2910 ae
828 2866 898 2909 rem
921 2848 1028 2911 osten·

62 2931 173 2997 disse?
198 2955 239 2998 an
263 2933 400 2998 dimissa
422 2956 474 3000 res
492 2934 562 3018 peti
580 2933 708 3018 possit?
732 2955 774 2998 an
792 2932 872 2999 haee
892 2933 1027 2999 dimissa

63 3020 130 3086 sit?
154 3022 233 3088 dicit
255 3022 342 3088 enim
365 3023 558 3108 publicanus
577 3044 644 3087 non
662 3044 739 3104 rem,
763 3023 818 3087 sed
838 3027 1024 3089 controver-

64 3111 146 3175 siam
171 3111 347 3178 dimissam.
1046 3124 1082 3175 80

135 3257 151 3305 3
169 3251 354 3321 prospeetfi
373 3255 396 3304 Δ
413 3253 423 3322 ΙΙ
442 3251 623 3321 prospectum
640 3254 671 3318 Α,
690 3250 847 3321 profectum
864 3253 894 3316 B,
913 3262 1028 3318 perspe-

63 3321 141 3374 ctum
158 3324 216 3377 Aer
233 3324 244 3393 l}
263 3328 297 3377 14
320 3321 431 3378 obdidit
457 3323 512 3377 hoo
529 3325 550 3373 B
568 3323 579 3391 ΙΙ
597 3327 631 3376 16
649 3319 748 3377 inieeit
765 3318 917 3402 Akiniioit
934 3323 954 3372 Β
969 3320 1027 3452 Ψ

62 3394 215 3462 potuerunt
232 3398 274 3448 Δι
286 3397 297 3465 l
310 3398 417 3449 22-28
435 3393 465 3448 in
484 3410 508 3448 e.
526 3411 552 3447 v.
571 3410 600 3463 p.
619 3407 645 3446 a.
662 3393 683 3447 i.
699 3410 732 3446 u.
747 3410 782 3462 p.
797 3393 861 3444 sint
876 3394 970 3444 ora]
993 3394 1047 3465 ⁸nra

62 3463 88 3517 o
106 3479 156 3518 om.
176 3469 217 3518 r·
227 3465 240 3533 l
253 3470 287 3521 n
305 3465 362 3538 [et]
375 3465 394 3521 r.
409 3483 437 3537 p.
454 3465 510 3540 [u]
531 3463 603 3536 nol
624 3462 708 3540 <sin
725 3463 851 3532 nouus
867 3452 1071 3532 <saonam
