2386 3816
464 112 696 181 QUINTILIANI

414 275 751 344 DECLAMATIO.

166 387 213 453 Ut
236 408 308 452 meo
331 386 464 451 nomine
488 407 560 451 sum
582 385 690 468 vobis,
714 382 866 466 Quirites,
888 381 1069 467 obligatus,

100 476 186 562 quod
223 496 421 560 quamquam
456 474 677 540 necessarium
704 477 738 538 et
768 471 809 536 ad
832 471 973 536 salutem
994 491 1068 557 per

100 566 208 631 tinens
239 565 381 630 civitatis
423 563 598 630 remedium
632 561 815 645 praesentis
847 559 975 626 timoris
1018 581 1069 625 re·

66 658 214 738 espectu
253 657 365 718 tamen
396 653 461 718 mei
490 650 768 737 praetermisistis:
801 650 850 714 ita
881 649 984 735 ipsius
1017 649 1068 714 rei

101 742 252 828 publicae
270 743 402 809 nomine
423 743 554 820 irascor,
572 740 737 806 neminem
751 737 899 805 extitisse
913 738 1069 823 priorem,

102 832 158 917 qui
180 853 240 916 pro
264 833 369 898 salute
393 831 557 897 communi
579 851 630 894 me
654 827 816 894 offendere
836 826 978 895 auderet.
1011 848 1068 891 ne-

102 942 164 1005 que
188 920 222 985 id
245 921 326 985 satis
350 924 414 1003 est,
441 919 497 984 sed
519 919 659 998 invenio,
682 917 739 1002 qui
762 915 945 1000 adulentur,
968 920 1002 981 et
1025 937 1067 981 ne

102 1031 197 1074 arne
230 1009 360 1093 quidem
391 1010 493 1074 latam
524 1007 610 1072 hane
641 1006 848 1092 rogationem
879 1005 1069 1071 existiment
1105 1016 1108 1023 ’

49 1113 83 1162 10
101 1101 251 1181 respectu
279 1099 344 1163 mei
372 1098 600 1183 recipiendam.
645 1116 718 1161 cum
749 1095 866 1179 quibus
889 1093 971 1159 mihi
993 1115 1070 1162 con-

103 1187 218 1252 sistere
240 1186 359 1253 fortius
382 1191 480 1272 atque
504 1187 613 1270 etiam,
636 1185 665 1250 si
689 1184 738 1249 ita
764 1205 816 1249 res
836 1183 955 1268 exigat,
979 1205 1070 1249 acer-

101 1276 175 1341 bius
188 1296 320 1342 necesse
339 1279 403 1341 est:
422 1297 495 1341 cum
513 1274 600 1339 inid
619 1293 747 1358 quoque
762 1272 942 1356 perieulum
955 1270 1067 1338 venire

102 1364 292 1447 intellegam
315 1364 482 1449 optionem
504 1384 620 1447 meam,
643 1384 687 1427 an
707 1361 770 1429 hoo
793 1361 901 1427 velim.

170 1449 259 1517 Satis
283 1457 354 1518 erat
377 1453 459 1522 mihi
481 1453 602 1518 dicere:
630 1451 835 1535 rogationem
857 1449 928 1515 fero
952 1450 1070 1516 utilem

51 1556 84 1605 15
103 1539 238 1606 civitati.
283 1541 349 1607 ista
376 1543 462 1607 enim
490 1541 637 1627 speciosa
665 1539 751 1605 dictu
783 1538 968 1623 etv<a>11a
990 1561 1071 1624 qua-

104 1629 177 1695 dam
211 1630 354 1715 imagine
390 1630 520 1697 honesti
560 1628 758 1696 circumdata
789 1650 857 1694 non
888 1629 1070 1712 respiciunt

102 1722 291 1802 praesentes
314 1719 541 1804 necessitatem
570 1717 605 1784 si
620 1721 732 1784 tantas
754 1718 840 1784 vires
863 1718 1000 1784 haberet
1024 1719 1070 1785 ci·

104 1809 197 1892 vitas,
215 1811 252 1873 ut
265 1807 353 1873 bella
367 1809 541 1894 suscipere,
559 1810 597 1873 ut
610 1806 761 1891 frangere
775 1807 918 1891 impetus
932 1808 1068 1892 tyranni

103 1900 222 1982 posset,
244 1902 402 1963 nontam
424 1897 479 1964 diu
502 1897 725 1978 sensissemus,
744 1917 813 1960 non
835 1895 930 1961 illum
954 1917 1069 1962 cruen-

50 1985 267 2051 notissimum
291 1986 458 2052 dominum
481 2008 564 2053 unus
588 2006 628 2051 ex
650 1984 777 2050 insidiis
801 1985 981 2051 occidisset.
1022 1990 1070 2052 at·

105 2096 167 2157 que
200 2094 274 2159 ego,
311 2076 440 2141 etiamsi
477 2075 655 2159 plurimum
689 2094 758 2139 esse
790 2074 907 2140 virium
939 2075 975 2140 in
1006 2074 1069 2140 hae

106 2162 238 2227 civitate
261 2166 452 2247 spectarem,
473 2163 556 2228 bene
578 2167 692 2228 tamen
714 2161 830 2228 redimi
849 2163 955 2248 capite
973 2164 1070 2230 unius

105 2251 184 2316 civis
207 2272 319 2336 pacem
342 2255 500 2336 putorem.
538 2250 634 2317 facile
657 2255 707 2317 est
725 2252 790 2318 ista
808 2251 842 2316 in
861 2253 1069 2319 contionibus

106 2344 140 2405 et
163 2340 305 2406 conciliis
330 2340 493 2427 despicere
517 2339 666 2406 dicendo:
690 2340 756 2405 iam
781 2341 809 2405 si
833 2341 992 2408 exercitus
1012 2342 1071 2408 ho-

52 2443 87 2493 25
107 2429 208 2494 stium
230 2430 317 2495 intra
339 2431 420 2495 fines
443 2432 574 2495 nostros
597 2428 706 2513 fuerit,
730 2429 758 2494 si
782 2429 892 2496 ardere
916 2431 1023 2516 villas,
1042 2432 1071 2496 si

106 2517 265 2602 frugifera
285 2518 415 2604 succidi,
439 2518 468 2584 si
490 2518 603 2603 fugam
626 2519 822 2584 rusticorum
842 2519 876 2584 in
894 2520 1017 2604 urbem,
1041 2520 1070 2586 si

106 2606 275 2691 compulsa
297 2608 384 2673 intra
407 2629 516 2674 muros
540 2629 657 2692 pecora
680 2607 865 2692 viderimus,
891 2609 920 2674 si
942 2610 1071 2675 moenia

106 2695 390 2781 oppugnabantur,
414 2696 443 2762 si
460 2700 566 2762 turres
585 2695 782 2782 quatientur,
806 2697 835 2762 si
854 2697 896 2762 ad
914 2697 1070 2764 dilectum

41 2786 55 2811 ⁹
107 2783 148 2848 ab
172 2784 322 2868 amplexu
346 2787 488 2851 rn'atrum
511 2786 642 2851 iuvenes
665 2785 844 2869 rapientur:
874 2808 973 2872 quam
998 2809 1070 2854 sero

53 2889 87 2937 3ο
106 2873 287 2957 paenitebit
300 2877 370 2939 tam
385 2896 460 2940 caro
474 2874 531 2939 uni
544 2873 750 2960 pepercisse?
772 2874 818 2941 nt
828 2876 855 2940 si
870 2875 947 2961 quid
960 2881 1071 2944 tamen

178 2982 194 3030 2
214 2978 246 3031 ut
263 2993 314 3032 om.
332 2983 352 3030 Σ
376 2978 386 3047 ΙΙ
409 2977 464 3032 sim
482 2981 503 3030 B
522 2978 531 3047 u
550 2982 566 3031 5
584 2977 627 3033 ita
645 2993 694 3034 om.
714 2978 786 3047 l’sst
806 2978 948 3035 existimet
966 2984 1043 3033 1-1'
1062 2981 1073 3052 tl

109 3053 142 3102 10
161 3047 281 3103 consiste
296 3046 341 3103 ΧΧ
355 3052 403 3116 Aa,
424 3049 576 3104 consistete
595 3052 649 3118 Ab,
668 3050 836 3105 resistereB
859 3051 868 3121 ΙΙ
892 3056 924 3105 11
945 3052 1071 3107 acervius

106 3123 129 3170 Δ
143 3120 153 3189 tt
168 3124 201 3173 1³
221 3118 378 3191 optionem]
398 3119 576 3190 rogationem
594 3121 660 3186 Aer,
677 3122 724 3176 scd
742 3122 777 3189 cf.
791 3123 980 3179 scholasticam
993 3125 1072 3179 illam

107 3191 189 3259 legem
206 3191 450 3261 tyrormice'doram
467 3192 500 3247 ia
518 3192 594 3248 decit.
613 3195 676 3248 288.
693 3195 755 3248 345.
770 3197 828 3250 382
854 3195 863 3263 ΙΙ
893 3200 924 3248 15
945 3195 1071 3250 civitatis

106 3264 167 3313 nan
181 3262 190 3331 ss
205 3261 384 3335 v<a>naAer
397 3264 407 3332 n
422 3268 455 3318 16
474 3263 559 3334 imag.
578 3262 699 3318 hominis
717 3265 777 3320 tam
795 3264 860 3321 circ.
874 3269 895 3318 B
909 3267 919 3334 tt
932 3266 1073 3336 recipiunt

105 3332 172 3388 Rau
195 3334 204 3401 ΙΙ
228 3333 397 3388 21*virium
416 3338 477 3402 AB,
500 3335 573 3404 qaod
590 3336 694 3404 probat
718 3335 762 3392 Ro
784 3339 794 3408 ΙΙ
817 3343 853 3392 24
871 3337 995 3393 consiliis
1013 3341 1071 3408 AB,

105 3419 174 3460 corr.
195 3404 236 3460 Gr
246 3407 259 3474 JJ
273 3405 359 3477 disp
377 3411 400 3458 Δ
412 3407 423 3476 J}
438 3405 574 3478 dispicere
593 3410 642 3476 Aa,
661 3411 739 3464 emm
753 3409 764 3478 lt
776 3413 810 3464 28
821 3407 993 3478 quatiantur
1011 3413 1035 3462 Δ
