2386 3816
160 159 225 225 308
526 156 758 224 cummium

160 323 246 408 quod
269 303 311 386 ad
329 344 380 385 me
398 320 585 406 pertinet,⁴
575 320 687 405 aperui
705 323 818 405 peetus
838 322 871 384 et
890 320 1124 386 conscientiam

158 414 234 497 prot
220 410 337 475 tulit
305 414 347 495 et,
371 431 435 494 qua
457 431 564 474 rerum
582 412 700 474 natura
718 409 851 494 patitur,
874 408 999 474 viscera
1018 432 1123 493 paene

158 520 233 564 mea
263 499 297 563 in
326 502 501 585 conspectu
531 500 640 564 vestro
671 501 754 562 sunt
797 498 860 562 iste
827 496 987 562 teheres
1019 498 1124 565 adhuc

157 608 226 653 non
250 588 392 662 ostendit
414 590 655 652 testamentum

124 693 139 742 5
226 674 290 742 Sed
314 677 380 742 seio
403 698 470 742 non
492 698 563 741 esse
586 674 768 760 praesentis
786 675 945 758 temporis
965 675 1124 761 discepta-

126 766 291 850 tionem,
314 769 387 830 uter
409 768 582 830 mereatur.
606 763 685 829 satis
705 763 791 828 enim
809 764 959 829 voluntas
980 764 1125 831 defuncti

160 877 255 939 comp
256 855 394 919 rehensa
416 854 612 919 tabulist
562 857 622 918 est.
667 853 839 917 institutus
863 874 897 917 es
920 853 1027 936 primo
1051 855 1123 919 loeo

158 942 262 1009 heres.
297 965 366 1009 non
386 942 471 1008 facio
494 942 557 1007 tibi
580 941 675 1007 istius
698 941 833 1006 honoris
853 943 1124 1008 controversiam:

161 1033 329 1117 quaeritur
348 1031 461 1116 hodie,
491 1030 568 1116 quid
591 1029 708 1095 debeas
731 1029 822 1095 mihi.
859 1030 886 1094 si
909 1030 1029 1095 iudicia
1052 1052 1125 1097 mea

108 1138 141 1186 10
161 1120 314 1187 adversus
338 1121 478 1186 amicum
501 1120 587 1184 intra
610 1119 757 1205 legatum
776 1119 954 1203 stetissent,
977 1119 1123 1205 legatum

160 1213 235 1275 ate
257 1213 449 1294 repeterem.
484 1208 636 1274 heredem
659 1207 804 1273 omnium
827 1207 987 1274 bonorum
1009 1209 1124 1274 habui:

159 1299 222 1364 hoc
244 1304 282 1364 ut
306 1299 368 1363 sim
390 1299 530 1382 postulo.
553 1302 590 1362 ut
608 1297 765 1381 scriptum
783 1318 850 1376 non
873 1300 968 1381 esset,
991 1297 1122 1377 iudices,

158 1386 306 1471 iniquum
325 1391 397 1451 erat
416 1387 525 1451 offerri
543 1386 624 1450 mihi
642 1389 800 1471 quantum
817 1385 932 1470 habeo,
955 1388 1123 1469 tamquam

158 1475 202 1560 is,
230 1475 286 1559 qui
309 1474 478 1539 defunctus
502 1477 564 1553 est,
593 1474 663 1538 dari
686 1473 769 1538 mihi
791 1474 937 1559 iusserit,
966 1477 1124 1558 quantum

107 1579 140 1629 15
159 1584 220 1649 ego
248 1562 299 1627 illi
326 1563 403 1628 dare
429 1584 568 1646 possem.
614 1563 731 1648 ingens
760 1567 868 1628 autem
891 1564 1010 1628 horum
1032 1563 1123 1628 diffe-

157 1652 264 1717 rentia
288 1656 350 1717 est:
371 1650 415 1716 id
439 1650 521 1716 mihi
544 1651 614 1715 dari
637 1652 745 1736 iussit,
779 1653 865 1738 quod
889 1671 950 1737 ego
975 1652 1026 1716 illi
1049 1675 1122 1718 meo

157 1743 356 1807 testamento
381 1740 500 1806 darem.
535 1762 603 1806 non
624 1740 726 1806 habet
744 1742 779 1805 in
797 1740 860 1807 hoe
878 1741 1123 1826 interpretatio

158 1850 234 1895 nom
257 1830 387 1895 modus:
412 1832 569 1915 quantum
587 1830 780 1913 pensatione
799 1833 937 1914 constet,
959 1830 1126 1896 numerari

159 1922 269 2002 potest
312 1922 345 1984 et
375 1919 491 2005 recipit
524 1919 810 2003 comparationem.
866 1919 948 2004 quod
981 1920 1126 2005 reliquit,

106 2011 317 2092 acquantum
339 2008 411 2072 fieri
434 2010 552 2091 potest,
575 2007 644 2072 dari
670 2007 780 2072 voluit.
809 2008 922 2073 eadem
940 2009 988 2073 rei
1008 2013 1125 2075 natura

159 2100 266 2162 est.1
254 2097 365 2180 itaque
389 2098 417 2160 si
439 2097 491 2159 illi
513 2096 684 2179 pecuniam
710 2099 905 2162 testamento
924 2119 997 2163 meo
1018 2099 1121 2184 legas—

158 2205 237 2269 sem,
258 2185 429 2287 pecuniam
452 2188 605 2268 peterem,
628 2205 687 2249 nee
710 2185 866 2249 ferremt
852 2188 884 2249 te
909 2185 989 2251 dant
974 2189 1043 2251 tem
1060 2210 1121 2289 pro

157 2274 294 2357 pecunia
323 2273 460 2358 aliquid,
489 2272 576 2357 quod
603 2276 689 2338 esset
711 2273 913 2340 tantundem
950 2277 979 2340 si
1002 2277 1123 2340 manci-

157 2362 247 2444 pium
270 2363 487 2465 reliquissem,
514 2362 712 2446 mancipium
742 2363 890 2446 deberes,
918 2385 978 2428 neo
1003 2363 1126 2430 diceres

106 2465 139 2514 25
158 2449 252 2515 mihi:
275 2453 420 2538 suscipe,
446 2452 562 2535 quanti
583 2451 745 2516 istudt
696 2454 745 2516 est
746 2472 793 2520 .«.
811 2452 844 2516 id
868 2452 939 2518 dari
962 2453 1073 2518 mihi'
1063 2475 1128 2518 1us·

159 2538 217 2623 sit,
245 2540 331 2624 quod
361 2561 421 2626 ego
449 2540 502 2605 illi
524 2540 643 2604 darem.
681 2539 759 2625 quid
787 2561 848 2625 ego
873 2544 982 2608 autem
1005 2541 1127 2607 dabam

157 2627 228 2692 illi?
266 2628 491 2694 hereditatem.
538 2627 615 2713 quid
641 2628 742 2712 peto?
778 2629 1002 2696 hereditatem.
1049 2630 1126 2715 quid

159 2716 296 2802 scripsi?
337 2717 424 2783 bona
456 2718 574 2783 omnia.
622 2717 700 2802 quid
732 2719 860 2785 vindico
893 2719 997 2784 mihi?
1038 2720 1127 2786 bona

157 2983 199 3033 a
204 2910 717 3064 ttdddiatutffssatihde't
733 2911 1126 3053 ιέ“ῗὲἓὛιΑ“ἑὲιΡὲἜ”
1092 2990 1126 3040 16

158 3021 244 3122 qudd]
265 3053 441 3118 quantumB
468 3054 478 3122 1
507 3052 757 3122 repausationis
784 3056 794 3124 11
823 3059 855 3107 19
875 3053 943 3123 quid
962 3058 1025 3121 AB,
1054 3071 1126 3110 corr.

156 3124 251 3179 ineat.
272 3127 344 3178 auct.
364 3124 442 3193 opud
460 3122 518 3178 Aer
535 3123 545 3192 1
562 3123 703 3193 relinquid
721 3125 785 3194 ΔιιΙΙ
799 3131 832 3178 21
851 3125 901 3179 ille
919 3127 982 3195 Δ211
997 3132 1031 3180 22
1049 3125 1124 3182 ferre

156 3191 367 3249 hitedandetom
387 3199 428 3249 Aa
450 3195 460 3264 1
483 3199 516 3249 25
536 3198 678 3263 quanto
698 3198 744 3266 Δ11
763 3197 869 3264 quanto
890 3199 948 3264 AB,
968 3213 1038 3252 corr.
1059 3197 1124 3266 Gru

99 3288 102 3294 ·
155 3264 226 3318 mihi
244 3265 304 3320 dari
323 3269 344 3318 B
365 3267 375 3336 11
395 3272 430 3322 26
450 3265 530 3336 quid]
551 3263 627 3334 quod
645 3269 665 3317 B
688 3267 698 3336 1
721 3272 827 3322 27—28
846 3267 895 3361 qui
913 3267 1012 3338 scripsi
1031 3268 1126 3338 3128

156 3335 205 3403 qui
223 3336 290 3390 dum
308 3337 372 3393 dieo
391 3341 412 3390 B
