2386 3816
138 165 203 230 366
503 160 733 229 ouiuuuaui

138 328 193 393 sed
217 349 284 392 non
307 349 433 411 semper
457 326 609 410 sequendi
633 328 709 389 sunt
732 323 876 388 adfectus
902 326 933 386 et
956 323 1105 406 plerum-

138 438 199 502 que
229 416 400 482 consilium
432 415 484 480 his
521 413 783 499 praeponendum
816 415 874 476 est.
929 411 982 476 hic
1012 414 1105 477 enim

136 509 245 590 pater,
277 507 338 571 etsi
361 527 473 570 revera
495 504 658 588 irascitur,
688 501 893 566 dissimulare
915 501 978 566 hoc
1002 501 1106 566 debet

138 598 171 658 et
194 615 289 679 agere
313 595 439 677 mitem,
469 592 699 677 indulgentem.
744 613 820 655 nam
844 612 917 655 cum
939 592 1105 673 praescri-

101 683 208 766 obat,
238 683 301 748 hoc
331 683 511 767 adprobare
534 681 629 747 debet
651 680 824 763 iudicibus,
856 679 976 744 idcirco
1004 701 1103 762 prae·

138 772 278 836 scribere
302 795 345 855 se,
368 793 409 835 ne
431 793 503 836 cum
520 769 590 835 filio
610 769 742 854 gravim
762 768 951 834 contendat:
974 768 1106 852 alioqui

137 861 164 923 si
192 861 272 927 haec
296 882 393 925 causa
415 859 655 944 praescribendi
678 880 744 922 non
767 859 830 941 est,
860 858 1034 941 supererit,
1064 861 1105 922 ut

137 948 317 1015 diffidentia
339 949 485 1014 videatur
508 949 543 1013 in
566 969 671 1013 causa.

455 1125 787 1193 DECLAMATIO.

85 1267 117 1316 10
202 1248 316 1315 »Cum
337 1254 447 1336 patre
471 1251 574 1316 actio
597 1272 643 1314 ne
667 1249 823 1334 quasit,
846 1248 923 1313 nisi
943 1249 1104 1314 demen-

135 1339 246 1403 tiae<
278 1338 353 1405 Alio
378 1338 511 1404 crimine
534 1361 585 1404 me
608 1361 699 1404 reum
718 1339 790 1403 fieri
809 1337 1019 1403 manifestum
1039 1343 1103 1406 est.

135 1449 230 1491 nemo
254 1427 424 1509 dubitabit,
448 1428 527 1512 quin
550 1429 583 1492 id
600 1428 662 1493 hac
680 1429 754 1512 lege
773 1448 840 1492 non
857 1427 961 1510 liceat,
985 1428 1015 1492 si
1035 1450 1100 1513 ego

135 1519 229 1599 pater
257 1537 337 1581 sum.
382 1513 485 1601 Atqui
512 1538 553 1580 ne
581 1516 619 1580 de
648 1539 686 1581 eo
715 1516 843 1601 quidem
872 1516 1016 1581 dubitari
1039 1540 1102 1602 po-

135 1604 222 1687 terit,
246 1604 324 1689 quin
347 1607 440 1689 pater
464 1605 534 1669 sim.
579 1627 621 1669 an
642 1605 705 1672 hoe
728 1627 839 1691 negas,
862 1628 913 1670 me
937 1627 1017 1688 esse,
1042 1608 1102 1690 qui

83 1709 116 1758 15
135 1694 312 1778 genuerim,
335 1695 390 1780 qui
412 1694 623 1778 educaverim,
647 1699 680 1760 et
703 1691 755 1782 (ut
773 1694 906 1778 aliquod
925 1715 1101 1778 argumen-

134 1785 205 1846 tum
229 1805 268 1847 ex
291 1805 329 1848 eo
352 1783 437 1868 ipso,
467 1782 554 1869 quod
579 1788 694 1849 contra
716 1805 768 1848 me
791 1784 936 1867 ponitur,
965 1782 1101 1870 ducam)

135 1893 288 1956 measse,
319 1873 375 1956 qui
399 1872 540 1938 dederim
564 1873 599 1936 in
622 1872 849 1958 adoptionem?
887 1872 915 1937 si
933 1872 1017 1956 'haec
1040 1896 1100 1956 pa·

134 1983 206 2025 rum
230 1961 323 2026 firma
346 1965 431 2047 sunt,
460 1962 577 2047 logc[s]
601 1965 842 2044 testamentum,
866 1984 929 2047 quo
951 1963 1097 2028 tutorem

135 2050 302 2133 accepisti:
330 2055 501 2134 »patrem«
523 2051 585 2115 tibi
608 2055 749 2117 tutorem
774 2049 871 2116 dedit.
917 2051 981 2116 Nec
1009 2051 1100 2115 enim

80 2154 115 2203 20
134 2137 240 2201 dando
265 2139 299 2202 in
324 2139 534 2223 adoptionem
557 2140 607 2205 ius
631 2162 726 2228 omne
749 2141 945 2205 translatum
969 2142 1029 2204 est.

503 2333 736 2402 uuuxnvll.

265 2455 421 2525 Absentc
443 2459 577 2525 marito
600 2475 727 2525 rumor
750 2458 788 2525 ct
810 2459 969 2543 nuptiae.

132 2582 358 2649 Anununlsun
401 2601 472 2650 cun
516 2601 707 2649 auunculus
743 2578 881 2648 menan
908 2601 1098 2651 comunes.

151 2671 154 2676 ’
220 2671 311 2738 Uxor
333 2673 573 2758 peregrinantis
594 2673 705 2738 mariti
733 2676 874 2738 mortem
891 2695 1021 2739 rumore
1044 2698 1097 2742 co·

79 2792 111 2841 2⁵
221 2763 345 2847 gnovit.
390 2762 483 2827 heres
511 2761 644 2827 inventa
667 2763 780 2846 nupsit
804 2763 1003 2828 adulescenti
1028 2765 1097 2829 cui-

220 2850 294 2914 dam
328 2854 360 2916 et
392 2852 522 2917 domum
554 2851 589 2916 in
621 2852 730 2917 dotem
763 2850 860 2917 dedit.
906 2854 1098 2935 supervenit

201 3030 218 3078 4
242 3039 342 3094 agere
365 3029 388 3077 A
410 3027 420 3095 ΙΙ
441 3024 551 3095 mitam]
575 3026 735 3081 invicem!
757 3028 767 3097 ΙΙ
790 3032 876 3081 dnec
896 3026 945 3095 qui
962 3025 1022 3080 filio
1042 3032 1066 3081 Δ
1086 3029 1096 3100 ll

131 3102 193 3152 lse
213 3101 243 3164 B,
262 3111 322 3151 sese
339 3097 450 3166 Pflhac
468 3101 488 3148 B
507 3099 517 3166 l
537 3102 568 3151 13
596 3100 677 3167 pater
705 3115 765 3152 sum
795 3115 830 3151 an
857 3098 912 3153 hoc
935 3115 1023 3169 negas
1048 3116 1095 3155 me

130 3182 190 3223 esse
210 3166 290 3236 atqui
308 3170 348 3219 B·
360 3168 370 3236 l
384 3183 418 3221 ne
438 3166 489 3222 deo
509 3173 549 3221 Aa
562 3171 572 3238 l
587 3173 619 3223 15
634 3168 742 3237 aliquid
765 3173 786 3220 B
808 3170 819 3238 ΙΙ
843 3175 875 3224 18
900 3168 1003 3241 lege[a]
1026 3170 1094 3240 Obr,

128 3238 207 3320 legas
231 3241 288 3294 Aer
310 3241 320 3307 fl
345 3239 490 3321 q¹10d3l
514 3244 546 3293 19
575 3242 605 3294 at
632 3243 692 3306 ΑΒ,
721 3256 789 3295 corr.
812 3240 856 3296 Ro
878 3242 887 3310 ΙΙ
911 3246 1016 3296 19—20
1040 3244 1096 3308 „at

130 3325 204 3363 emm
224 3310 250 3366 d.
270 3310 288 3365 i.
308 3327 333 3366 a.
352 3328 371 3366 1.
391 3326 415 3364 o.
435 3313 455 3364 t.
475 3312 544 3365 est.“
563 3315 654 3380 †...†
672 3311 753 3380 Acri!
774 3317 807 3366 20
827 3312 979 3381 adoptione
998 3314 1093 3382 31122

120 3397 272 3506 ἔυῖιοτοτθ
295 3382 412 3452 nuptiae
431 3387 471 3436 Aa
489 3384 499 3453 l
522 3389 556 3436 24
580 3383 766 3453 peregrinatis
785 3388 826 3436 Aa
843 3384 853 3452 l
876 3390 909 3437 26
929 3383 1043 3438 domum
1064 3389 1096 3440 et

141 3468 219 3507 com
238 3457 281 3507 Ab
