<?xml version="1.0" encoding="UTF-8"?>
<!DOCTYPE html PUBLIC "-//W3C//DTD XHTML 1.0 Transitional//EN"
    "http://www.w3.org/TR/xhtml1/DTD/xhtml1-transitional.dtd">
<html xmlns="http://www.w3.org/1999/xhtml" xml:lang="en" lang="en">
 <head>
  <title>
</title>
<meta http-equiv="Content-Type" content="text/html;charset=utf-8" />
  <meta name='ocr-system' content='tesseract 3.04.00' />
  <meta name='ocr-capabilities' content='ocr_page ocr_carea ocr_par ocr_line ocrx_word'/>
</head>
<body>
  <div class='ocr_page' id='page_1' title='image "./mfabiiquintilia01rittgoog_0424.png"; bbox 0 0 2386 3816; ppageno 0'>
   <div class='ocr_carea' id='block_1_1' title="bbox 349 161 1070 235">
    <p class='ocr_par' dir='ltr' id='par_1_1' title="bbox 349 161 1070 235">
     <span class='ocr_line' id='line_1_1' title="bbox 349 161 1070 235; baseline 0.019 -19"><span class='ocrx_word' id='word_1_1' title='bbox 349 161 665 230; x_wconf 74' lang='lat' dir='ltr'>neonememouns,</span> <span class='ocrx_word' id='word_1_2' title='bbox 685 163 834 221; x_wconf 82' lang='lat' dir='ltr'>cccevn.</span> <span class='ocrx_word' id='word_1_3' title='bbox 1005 165 1070 235; x_wconf 83' lang='lat'>389</span> 
     </span>
    </p>
   </div>
   <div class='ocr_carea' id='block_1_2' title="bbox 110 375 1071 584">
    <p class='ocr_par' dir='ltr' id='par_1_2' title="bbox 110 375 1071 584">
     <span class='ocr_line' id='line_1_2' title="bbox 491 375 687 446; baseline 0.015 -3"><span class='ocrx_word' id='word_1_4' title='bbox 491 375 687 446; x_wconf 68' lang='lat' dir='ltr'>esctun.</span> 
     </span>
     <span class='ocr_line' id='line_1_3' title="bbox 110 471 1071 584; baseline 0.005 -16"><span class='ocrx_word' id='word_1_5' title='bbox 110 502 213 569; x_wconf 84' lang='lat' dir='ltr'>Uxor</span> <span class='ocrx_word' id='word_1_6' title='bbox 237 519 309 570; x_wconf 89' lang='lat' dir='ltr'>non</span> <span class='ocrx_word' id='word_1_7' title='bbox 331 502 541 584; x_wconf 86' lang='lat' dir='ltr'>relinquens</span> <span class='ocrx_word' id='word_1_8' title='bbox 564 504 609 569; x_wconf 80' lang='lat' dir='ltr'>ot</span> <span class='ocrx_word' id='word_1_9' title='bbox 633 502 855 570; x_wconf 74' lang='lat' dir='ltr'>adulterium</span> <span class='ocrx_word' id='word_1_10' title='bbox 878 471 1071 573; x_wconf 88' lang='lat' dir='ltr'>caecatum.</span> 
     </span>
    </p>
   </div>
   <div class='ocr_carea' id='block_1_3' title="bbox 112 645 1106 997">
    <p class='ocr_par' dir='ltr' id='par_1_3' title="bbox 112 645 1106 997">
     <span class='ocr_line' id='line_1_4' title="bbox 112 645 1071 712; baseline 0.003 -4"><span class='ocrx_word' id='word_1_11' title='bbox 112 645 283 709; x_wconf 82' lang='lat' dir='ltr'>Anuama</span> <span class='ocrx_word' id='word_1_12' title='bbox 310 661 550 711; x_wconf 67' lang='lat' dir='ltr'>exclusurus„</span> <span class='ocrx_word' id='word_1_13' title='bbox 596 663 690 711; x_wconf 74' lang='lat' dir='ltr'>uxos</span> <span class='ocrx_word' id='word_1_14' title='bbox 718 663 828 710; x_wconf 77' lang='lat' dir='ltr'>vlnnm</span> <span class='ocrx_word' id='word_1_15' title='bbox 856 664 895 709; x_wconf 79' lang='lat' dir='ltr'>un</span> <span class='ocrx_word' id='word_1_16' title='bbox 923 664 1071 712; x_wconf 68' lang='lat' dir='ltr'>candul-</span> 
     </span>
     <span class='ocr_line' id='line_1_5' title="bbox 198 733 1070 818; baseline 0.006 -22"><span class='ocrx_word' id='word_1_17' title='bbox 198 750 289 796; x_wconf 78' lang='lat' dir='ltr'>rlrn</span> <span class='ocrx_word' id='word_1_18' title='bbox 314 751 361 797; x_wconf 81' lang='lat' dir='ltr'>mn</span> <span class='ocrx_word' id='word_1_19' title='bbox 386 751 556 800; x_wconf 74' lang='lat' dir='ltr'>nnsnuar.</span> <span class='ocrx_word' id='word_1_20' title='bbox 593 733 867 818; x_wconf 81' lang='lat' dir='ltr'>Quaedampatri</span> <span class='ocrx_word' id='word_1_21' title='bbox 891 735 1070 801; x_wconf 86' lang='lat' dir='ltr'>demerito</span> 
     </span>
     <span class='ocr_line' id='line_1_6' title="bbox 198 824 1106 906; baseline 0.004 -20"><span class='ocrx_word' id='word_1_22' title='bbox 198 826 249 886; x_wconf 89' lang='lat' dir='ltr'>ter</span> <span class='ocrx_word' id='word_1_23' title='bbox 270 826 385 906; x_wconf 89' lang='lat' dir='ltr'>questa</span> <span class='ocrx_word' id='word_1_24' title='bbox 409 826 442 887; x_wconf 87' lang='lat' dir='ltr'>et</span> <span class='ocrx_word' id='word_1_25' title='bbox 464 827 572 888; x_wconf 85' lang='lat' dir='ltr'>tacere</span> <span class='ocrx_word' id='word_1_26' title='bbox 595 825 684 887; x_wconf 87' lang='lat' dir='ltr'>iussa</span> <span class='ocrx_word' id='word_1_27' title='bbox 702 827 825 906; x_wconf 77' lang='lat' dir='ltr'>postea,</span> <span class='ocrx_word' id='word_1_28' title='bbox 844 824 886 888; x_wconf 86' lang='lat' dir='ltr'>ab</span> <span class='ocrx_word' id='word_1_29' title='bbox 901 829 1106 890; x_wconf 69' lang='lat' dir='ltr'>excaecatos</span> 
     </span>
     <span class='ocr_line' id='line_1_7' title="bbox 204 911 1072 997; baseline 0 -21"><span class='ocrx_word' id='word_1_30' title='bbox 204 912 245 976; x_wconf 91' lang='lat' dir='ltr'>ob</span> <span class='ocrx_word' id='word_1_31' title='bbox 266 911 460 975; x_wconf 82' lang='lat' dir='ltr'>adulterium</span> <span class='ocrx_word' id='word_1_32' title='bbox 479 911 549 977; x_wconf 91' lang='lat' dir='ltr'>viro</span> <span class='ocrx_word' id='word_1_33' title='bbox 569 913 644 997; x_wconf 88' lang='lat' dir='ltr'>quia</span> <span class='ocrx_word' id='word_1_34' title='bbox 663 934 728 976; x_wconf 90' lang='lat' dir='ltr'>nou</span> <span class='ocrx_word' id='word_1_35' title='bbox 746 911 876 996; x_wconf 83' lang='lat' dir='ltr'>recedit,</span> <span class='ocrx_word' id='word_1_36' title='bbox 895 912 1072 978; x_wconf 84' lang='lat' dir='ltr'>abdicatur.</span> 
     </span>
    </p>
   </div>
   <div class='ocr_carea' id='block_1_4' title="bbox 505 1121 737 1200">
    <p class='ocr_par' dir='ltr' id='par_1_4' title="bbox 505 1121 737 1200">
     <span class='ocr_line' id='line_1_8' title="bbox 505 1121 737 1200; baseline 0 -12"><span class='ocrx_word' id='word_1_37' title='bbox 505 1121 679 1200; x_wconf 72' lang='lat' dir='ltr'><strong>SERMO.</strong></span> <span class='ocrx_word' id='word_1_38' title='bbox 735 1152 737 1156; x_wconf 58' lang='grc'>’</span> 
     </span>
    </p>
   </div>
   <div class='ocr_carea' id='block_1_5' title="bbox 60 1247 1127 3110">
    <p class='ocr_par' dir='ltr' id='par_1_5' title="bbox 60 1247 1127 3110">
     <span class='ocr_line' id='line_1_9' title="bbox 179 1247 1071 1331; baseline 0 -18"><span class='ocrx_word' id='word_1_39' title='bbox 179 1247 268 1313; x_wconf 88' lang='lat' dir='ltr'>Haec</span> <span class='ocrx_word' id='word_1_40' title='bbox 296 1248 413 1313; x_wconf 92' lang='lat' dir='ltr'>mulier</span> <span class='ocrx_word' id='word_1_41' title='bbox 446 1248 531 1312; x_wconf 90' lang='lat' dir='ltr'>dicet</span> <span class='ocrx_word' id='word_1_42' title='bbox 558 1252 725 1331; x_wconf 89' lang='lat' dir='ltr'>acceptum</span> <span class='ocrx_word' id='word_1_43' title='bbox 754 1269 773 1312; x_wconf 88' lang='lat' dir='ltr'>a</span> <span class='ocrx_word' id='word_1_44' title='bbox 800 1252 893 1331; x_wconf 88' lang='lat' dir='ltr'>patre</span> <span class='ocrx_word' id='word_1_45' title='bbox 916 1249 1071 1313; x_wconf 90' lang='lat' dir='ltr'>maritum</span> 
     </span>
     <span class='ocr_line' id='line_1_10' title="bbox 112 1335 1071 1420; baseline 0 -18"><span class='ocrx_word' id='word_1_46' title='bbox 112 1360 146 1402; x_wconf 93' lang='lat' dir='ltr'>se</span> <span class='ocrx_word' id='word_1_47' title='bbox 170 1338 211 1401; x_wconf 88' lang='lat' dir='ltr'>ab</span> <span class='ocrx_word' id='word_1_48' title='bbox 235 1337 328 1401; x_wconf 92' lang='lat' dir='ltr'>initio</span> <span class='ocrx_word' id='word_1_49' title='bbox 353 1358 462 1401; x_wconf 88' lang='lat' dir='ltr'>amare</span> <span class='ocrx_word' id='word_1_50' title='bbox 486 1336 642 1420; x_wconf 84' lang='lat' dir='ltr'>coepisse3</span> <span class='ocrx_word' id='word_1_51' title='bbox 677 1335 915 1401; x_wconf 75' lang='lat' dir='ltr'>adulescentem</span> <span class='ocrx_word' id='word_1_52' title='bbox 952 1338 1071 1402; x_wconf 89' lang='lat' dir='ltr'>lenoci-</span> 
     </span>
     <span class='ocr_line' id='line_1_11' title="bbox 110 1425 1124 1510; baseline -0.002 -20"><span class='ocrx_word' id='word_1_53' title='bbox 110 1428 174 1491; x_wconf 83' lang='lat' dir='ltr'>niis</span> <span class='ocrx_word' id='word_1_54' title='bbox 202 1425 366 1491; x_wconf 81' lang='lat' dir='ltr'>adulterae</span> <span class='ocrx_word' id='word_1_55' title='bbox 395 1425 485 1490; x_wconf 93' lang='lat' dir='ltr'>illius</span> <span class='ocrx_word' id='word_1_56' title='bbox 513 1447 614 1510; x_wconf 89' lang='lat' dir='ltr'>usque</span> <span class='ocrx_word' id='word_1_57' title='bbox 639 1447 676 1490; x_wconf 91' lang='lat' dir='ltr'>eo</span> <span class='ocrx_word' id='word_1_58' title='bbox 700 1429 830 1509; x_wconf 85' lang='lat' dir='ltr'>captum</span> <span class='ocrx_word' id='word_1_59' title='bbox 854 1447 937 1510; x_wconf 89' lang='lat' dir='ltr'>esse,</span> <span class='ocrx_word' id='word_1_60' title='bbox 965 1429 1002 1490; x_wconf 93' lang='lat' dir='ltr'>ut</span> <span class='ocrx_word' id='word_1_61' title='bbox 1024 1447 1071 1490; x_wconf 91' lang='lat' dir='ltr'>re·</span> <span class='ocrx_word' id='word_1_62' title='bbox 1091 1440 1124 1489; x_wconf 88' lang='lat'>10</span> 
     </span>
     <span class='ocr_line' id='line_1_12' title="bbox 60 1515 1072 1599; baseline -0.003 -18"><span class='ocrx_word' id='word_1_63' title='bbox 60 1579 63 1587; x_wconf 84' lang='grc'><strong>,</strong></span> <span class='ocrx_word' id='word_1_64' title='bbox 111 1516 220 1581; x_wconf 87' lang='lat' dir='ltr'>vocari</span> <span class='ocrx_word' id='word_1_65' title='bbox 252 1537 272 1579; x_wconf 86' lang='lat' dir='ltr'>a</span> <span class='ocrx_word' id='word_1_66' title='bbox 304 1515 480 1598; x_wconf 86' lang='lat' dir='ltr'>eupiditate</span> <span class='ocrx_word' id='word_1_67' title='bbox 512 1536 578 1579; x_wconf 89' lang='lat' dir='ltr'>non</span> <span class='ocrx_word' id='word_1_68' title='bbox 604 1518 725 1599; x_wconf 84' lang='lat' dir='ltr'>posset.</span> <span class='ocrx_word' id='word_1_69' title='bbox 772 1519 808 1578; x_wconf 90' lang='lat' dir='ltr'>ut</span> <span class='ocrx_word' id='word_1_70' title='bbox 835 1536 964 1579; x_wconf 89' lang='lat' dir='ltr'>necesse</span> <span class='ocrx_word' id='word_1_71' title='bbox 993 1519 1072 1598; x_wconf 85' lang='lat' dir='ltr'>eret,</span> 
     </span>
     <span class='ocr_line' id='line_1_13' title="bbox 111 1603 1071 1687; baseline -0.003 -17"><span class='ocrx_word' id='word_1_72' title='bbox 111 1605 247 1670; x_wconf 87' lang='lat' dir='ltr'>moleste</span> <span class='ocrx_word' id='word_1_73' title='bbox 282 1625 315 1669; x_wconf 92' lang='lat' dir='ltr'>se</span> <span class='ocrx_word' id='word_1_74' title='bbox 347 1603 476 1687; x_wconf 88' lang='lat' dir='ltr'>tulisse,</span> <span class='ocrx_word' id='word_1_75' title='bbox 509 1608 542 1668; x_wconf 88' lang='lat' dir='ltr'>et</span> <span class='ocrx_word' id='word_1_76' title='bbox 574 1625 612 1668; x_wconf 90' lang='lat' dir='ltr'>eo</span> <span class='ocrx_word' id='word_1_77' title='bbox 645 1603 767 1687; x_wconf 82' lang='lat' dir='ltr'>magis,</span> <span class='ocrx_word' id='word_1_78' title='bbox 801 1603 886 1687; x_wconf 82' lang='lat' dir='ltr'>quod</span> <span class='ocrx_word' id='word_1_79' title='bbox 919 1605 1071 1668; x_wconf 88' lang='lat' dir='ltr'>maritum</span> 
     </span>
     <span class='ocr_line' id='line_1_14' title="bbox 113 1691 1071 1778; baseline -0.001 -20"><span class='ocrx_word' id='word_1_80' title='bbox 113 1695 271 1778; x_wconf 84' lang='lat' dir='ltr'>diligeret.</span> <span class='ocrx_word' id='word_1_81' title='bbox 317 1692 458 1757; x_wconf 86' lang='lat' dir='ltr'>voluisse</span> <span class='ocrx_word' id='word_1_82' title='bbox 486 1712 563 1777; x_wconf 85' lang='lat' dir='ltr'>ergo</span> <span class='ocrx_word' id='word_1_83' title='bbox 594 1691 745 1776; x_wconf 80' lang='lat' dir='ltr'>experiri,</span> <span class='ocrx_word' id='word_1_84' title='bbox 778 1692 855 1776; x_wconf 90' lang='lat' dir='ltr'>quid</span> <span class='ocrx_word' id='word_1_85' title='bbox 883 1691 921 1756; x_wconf 91' lang='lat' dir='ltr'>de</span> <span class='ocrx_word' id='word_1_86' title='bbox 950 1692 1071 1757; x_wconf 87' lang='lat' dir='ltr'>adulte-</span> 
     </span>
     <span class='ocr_line' id='line_1_15' title="bbox 111 1779 1072 1867; baseline -0.003 -20"><span class='ocrx_word' id='word_1_87' title='bbox 111 1783 214 1867; x_wconf 84' lang='lat' dir='ltr'>r&lt;i&gt;is</span> <span class='ocrx_word' id='word_1_88' title='bbox 243 1786 338 1867; x_wconf 89' lang='lat' dir='ltr'>pater</span> <span class='ocrx_word' id='word_1_89' title='bbox 366 1782 514 1847; x_wconf 86' lang='lat' dir='ltr'>sentiret:</span> <span class='ocrx_word' id='word_1_90' title='bbox 547 1781 704 1845; x_wconf 89' lang='lat' dir='ltr'>indicasse</span> <span class='ocrx_word' id='word_1_91' title='bbox 732 1780 762 1844; x_wconf 89' lang='lat' dir='ltr'>ei</span> <span class='ocrx_word' id='word_1_92' title='bbox 785 1779 1001 1845; x_wconf 77' lang='lat' dir='ltr'>adulescentis</span> <span class='ocrx_word' id='word_1_93' title='bbox 1025 1803 1072 1844; x_wconf 89' lang='lat' dir='ltr'>er-</span> 
     </span>
     <span class='ocr_line' id='line_1_16' title="bbox 110 1868 1125 1954; baseline -0.004 -19"><span class='ocrx_word' id='word_1_94' title='bbox 110 1894 226 1936; x_wconf 89' lang='lat' dir='ltr'>rorem.</span> <span class='ocrx_word' id='word_1_95' title='bbox 258 1869 462 1954; x_wconf 87' lang='lat' dir='ltr'>respondisse</span> <span class='ocrx_word' id='word_1_96' title='bbox 476 1869 579 1952; x_wconf 80' lang='lat' dir='ltr'>illurn,</span> <span class='ocrx_word' id='word_1_97' title='bbox 601 1891 673 1933; x_wconf 88' lang='lat' dir='ltr'>esse</span> <span class='ocrx_word' id='word_1_98' title='bbox 696 1868 855 1953; x_wconf 89' lang='lat' dir='ltr'>quaedam</span> <span class='ocrx_word' id='word_1_99' title='bbox 879 1869 979 1933; x_wconf 81' lang='lat' dir='ltr'>aetati</span> <span class='ocrx_word' id='word_1_100' title='bbox 1001 1868 1073 1934; x_wconf 76' lang='lat' dir='ltr'>tcto</span> <span class='ocrx_word' id='word_1_101' title='bbox 1093 1883 1125 1932; x_wconf 77' lang='lat'>1⁶</span> 
     </span>
     <span class='ocr_line' id='line_1_17' title="bbox 112 1956 1073 2042; baseline -0.003 -17"><span class='ocrx_word' id='word_1_102' title='bbox 112 1981 275 2042; x_wconf 86' lang='lat' dir='ltr'>concessa,</span> <span class='ocrx_word' id='word_1_103' title='bbox 296 1980 355 2023; x_wconf 90' lang='lat' dir='ltr'>nec</span> <span class='ocrx_word' id='word_1_104' title='bbox 373 1957 566 2042; x_wconf 86' lang='lat' dir='ltr'>reprehendi</span> <span class='ocrx_word' id='word_1_105' title='bbox 588 1957 679 2022; x_wconf 87' lang='lat' dir='ltr'>lusus</span> <span class='ocrx_word' id='word_1_106' title='bbox 703 1958 738 2021; x_wconf 94' lang='lat' dir='ltr'>in</span> <span class='ocrx_word' id='word_1_107' title='bbox 761 1956 918 2022; x_wconf 86' lang='lat' dir='ltr'>eiusmodi</span> <span class='ocrx_word' id='word_1_108' title='bbox 941 1957 1073 2022; x_wconf 86' lang='lat' dir='ltr'>iuventa</span> 
     </span>
     <span class='ocr_line' id='line_1_18' title="bbox 114 2045 1073 2130; baseline -0.002 -18"><span class='ocrx_word' id='word_1_109' title='bbox 114 2049 239 2114; x_wconf 88' lang='lat' dir='ltr'>debere.</span> <span class='ocrx_word' id='word_1_110' title='bbox 285 2051 355 2113; x_wconf 91' lang='lat' dir='ltr'>tum</span> <span class='ocrx_word' id='word_1_111' title='bbox 393 2070 469 2113; x_wconf 86' lang='lat' dir='ltr'>vero</span> <span class='ocrx_word' id='word_1_112' title='bbox 507 2047 664 2112; x_wconf 88' lang='lat' dir='ltr'>cariorem</span> <span class='ocrx_word' id='word_1_113' title='bbox 701 2046 763 2110; x_wconf 90' lang='lat' dir='ltr'>sibi</span> <span class='ocrx_word' id='word_1_114' title='bbox 800 2046 906 2111; x_wconf 89' lang='lat' dir='ltr'>virum</span> <span class='ocrx_word' id='word_1_115' title='bbox 942 2045 1073 2130; x_wconf 85' lang='lat' dir='ltr'>factum,</span> 
     </span>
     <span class='ocr_line' id='line_1_19' title="bbox 111 2134 1073 2221; baseline -0.003 -20"><span class='ocrx_word' id='word_1_116' title='bbox 111 2141 326 2221; x_wconf 86' lang='lat' dir='ltr'>posteaquam</span> <span class='ocrx_word' id='word_1_117' title='bbox 358 2136 483 2201; x_wconf 91' lang='lat' dir='ltr'>lusibus</span> <span class='ocrx_word' id='word_1_118' title='bbox 517 2137 586 2200; x_wconf 90' lang='lat' dir='ltr'>eius</span> <span class='ocrx_word' id='word_1_119' title='bbox 613 2135 812 2220; x_wconf 83' lang='lat' dir='ltr'>patrocinari</span> <span class='ocrx_word' id='word_1_120' title='bbox 844 2134 943 2199; x_wconf 89' lang='lat' dir='ltr'>etiam</span> <span class='ocrx_word' id='word_1_121' title='bbox 976 2156 1073 2199; x_wconf 85' lang='lat' dir='ltr'>senex</span> 
     </span>
     <span class='ocr_line' id='line_1_20' title="bbox 113 2224 1072 2310; baseline -0.004 -19"><span class='ocrx_word' id='word_1_122' title='bbox 113 2226 264 2310; x_wconf 90' lang='lat' dir='ltr'>coeperit.</span> <span class='ocrx_word' id='word_1_123' title='bbox 318 2225 375 2290; x_wconf 89' lang='lat' dir='ltr'>sed</span> <span class='ocrx_word' id='word_1_124' title='bbox 407 2247 480 2290; x_wconf 88' lang='lat' dir='ltr'>cum</span> <span class='ocrx_word' id='word_1_125' title='bbox 513 2225 650 2308; x_wconf 85' lang='lat' dir='ltr'>videret,</span> <span class='ocrx_word' id='word_1_126' title='bbox 681 2224 899 2309; x_wconf 87' lang='lat' dir='ltr'>nequissimae</span> <span class='ocrx_word' id='word_1_127' title='bbox 929 2224 1072 2289; x_wconf 87' lang='lat' dir='ltr'>mulieris</span> 
     </span>
     <span class='ocr_line' id='line_1_21' title="bbox 113 2312 1126 2399; baseline -0.003 -20"><span class='ocrx_word' id='word_1_128' title='bbox 113 2316 286 2380; x_wconf 87' lang='lat' dir='ltr'>inlecebris</span> <span class='ocrx_word' id='word_1_129' title='bbox 315 2314 471 2379; x_wconf 89' lang='lat' dir='ltr'>maritum</span> <span class='ocrx_word' id='word_1_130' title='bbox 493 2314 612 2394; x_wconf 91' lang='lat' dir='ltr'>teneri,</span> <span class='ocrx_word' id='word_1_131' title='bbox 639 2318 673 2377; x_wconf 90' lang='lat' dir='ltr'>et</span> <span class='ocrx_word' id='word_1_132' title='bbox 695 2313 760 2378; x_wconf 87' lang='lat' dir='ltr'>iam</span> <span class='ocrx_word' id='word_1_133' title='bbox 784 2313 959 2378; x_wconf 85' lang='lat' dir='ltr'>vindictam</span> <span class='ocrx_word' id='word_1_134' title='bbox 983 2312 1073 2377; x_wconf 88' lang='lat' dir='ltr'>adul·</span> <span class='ocrx_word' id='word_1_135' title='bbox 1092 2327 1126 2399; x_wconf 77' lang='lat'>20</span> 
     </span>
     <span class='ocr_line' id='line_1_22' title="bbox 111 2401 1080 2489; baseline -0.006 -19"><span class='ocrx_word' id='word_1_136' title='bbox 111 2405 186 2470; x_wconf 89' lang='lat' dir='ltr'>terii</span> <span class='ocrx_word' id='word_1_137' title='bbox 216 2408 312 2489; x_wconf 90' lang='lat' dir='ltr'>atque</span> <span class='ocrx_word' id='word_1_138' title='bbox 344 2403 546 2469; x_wconf 87' lang='lat' dir='ltr'>occasionem</span> <span class='ocrx_word' id='word_1_139' title='bbox 569 2407 698 2486; x_wconf 90' lang='lat' dir='ltr'>captare</span> <span class='ocrx_word' id='word_1_140' title='bbox 722 2402 887 2466; x_wconf 89' lang='lat' dir='ltr'>adulterae</span> <span class='ocrx_word' id='word_1_141' title='bbox 911 2401 1080 2484; x_wconf 69' lang='lat' dir='ltr'>maritum·</span> 
     </span>
     <span class='ocr_line' id='line_1_23' title="bbox 111 2490 1073 2576; baseline -0.003 -20"><span class='ocrx_word' id='word_1_142' title='bbox 111 2495 232 2557; x_wconf 89' lang='lat' dir='ltr'>iterum</span> <span class='ocrx_word' id='word_1_143' title='bbox 256 2491 297 2556; x_wconf 88' lang='lat' dir='ltr'>ad</span> <span class='ocrx_word' id='word_1_144' title='bbox 321 2497 448 2576; x_wconf 86' lang='lat' dir='ltr'>patrem</span> <span class='ocrx_word' id='word_1_145' title='bbox 471 2492 609 2575; x_wconf 85' lang='lat' dir='ltr'>venisse,</span> <span class='ocrx_word' id='word_1_146' title='bbox 631 2494 668 2556; x_wconf 91' lang='lat' dir='ltr'>ut</span> <span class='ocrx_word' id='word_1_147' title='bbox 690 2490 778 2554; x_wconf 90' lang='lat' dir='ltr'>illius</span> <span class='ocrx_word' id='word_1_148' title='bbox 802 2491 918 2555; x_wconf 85' lang='lat' dir='ltr'>saltem</span> <span class='ocrx_word' id='word_1_149' title='bbox 937 2490 1073 2554; x_wconf 86' lang='lat' dir='ltr'>auotori-</span> 
     </span>
     <span class='ocr_line' id='line_1_24' title="bbox 112 2578 1073 2663; baseline -0.001 -19"><span class='ocrx_word' id='word_1_150' title='bbox 112 2585 183 2645; x_wconf 88' lang='lat' dir='ltr'>tate</span> <span class='ocrx_word' id='word_1_151' title='bbox 213 2581 380 2645; x_wconf 80' lang='lat' dir='ltr'>emendari</span> <span class='ocrx_word' id='word_1_152' title='bbox 408 2580 597 2645; x_wconf 85' lang='lat' dir='ltr'>adulescens</span> <span class='ocrx_word' id='word_1_153' title='bbox 624 2583 744 2663; x_wconf 91' lang='lat' dir='ltr'>posset.</span> <span class='ocrx_word' id='word_1_154' title='bbox 795 2579 830 2642; x_wconf 91' lang='lat' dir='ltr'>in</span> <span class='ocrx_word' id='word_1_155' title='bbox 857 2578 968 2643; x_wconf 85' lang='lat' dir='ltr'>eadem</span> <span class='ocrx_word' id='word_1_156' title='bbox 995 2600 1073 2643; x_wconf 87' lang='lat' dir='ltr'>voce</span> 
     </span>
     <span class='ocr_line' id='line_1_25' title="bbox 113 2668 1073 2752; baseline -0.002 -19"><span class='ocrx_word' id='word_1_157' title='bbox 113 2670 206 2734; x_wconf 87' lang='lat' dir='ltr'>illum</span> <span class='ocrx_word' id='word_1_158' title='bbox 241 2689 466 2752; x_wconf 87' lang='lat' dir='ltr'>perseverasse</span> <span class='ocrx_word' id='word_1_159' title='bbox 493 2670 612 2734; x_wconf 91' lang='lat' dir='ltr'>iterum</span> <span class='ocrx_word' id='word_1_160' title='bbox 640 2691 678 2734; x_wconf 83' lang='lat' dir='ltr'>ac</span> <span class='ocrx_word' id='word_1_161' title='bbox 700 2668 807 2732; x_wconf 84' lang='lat' dir='ltr'>tertio.</span> <span class='ocrx_word' id='word_1_162' title='bbox 854 2668 1073 2732; x_wconf 89' lang='lat' dir='ltr'>miserrimum</span> 
     </span>
     <span class='ocr_line' id='line_1_26' title="bbox 114 2755 1127 2842; baseline -0.003 -18"><span class='ocrx_word' id='word_1_163' title='bbox 114 2779 192 2842; x_wconf 84' lang='lat' dir='ltr'>ergo</span> <span class='ocrx_word' id='word_1_164' title='bbox 216 2758 365 2823; x_wconf 85' lang='lat' dir='ltr'>iuvenem</span> <span class='ocrx_word' id='word_1_165' title='bbox 387 2757 500 2824; x_wconf 85' lang='lat' dir='ltr'>fraude</span> <span class='ocrx_word' id='word_1_166' title='bbox 524 2762 557 2823; x_wconf 91' lang='lat' dir='ltr'>et</span> <span class='ocrx_word' id='word_1_167' title='bbox 578 2757 706 2822; x_wconf 90' lang='lat' dir='ltr'>insidiis</span> <span class='ocrx_word' id='word_1_168' title='bbox 730 2757 898 2839; x_wconf 88' lang='lat' dir='ltr'>deceptum</span> <span class='ocrx_word' id='word_1_169' title='bbox 918 2778 989 2821; x_wconf 88' lang='lat' dir='ltr'>eam</span> <span class='ocrx_word' id='word_1_170' title='bbox 1007 2755 1073 2820; x_wconf 90' lang='lat' dir='ltr'>for·</span> <span class='ocrx_word' id='word_1_171' title='bbox 1092 2769 1127 2821; x_wconf 77' lang='lat'>25</span> 
     </span>
     <span class='ocr_line' id='line_1_27' title="bbox 112 2844 1073 2931; baseline -0.004 -19"><span class='ocrx_word' id='word_1_172' title='bbox 112 2853 227 2913; x_wconf 88' lang='lat' dir='ltr'>tunam</span> <span class='ocrx_word' id='word_1_173' title='bbox 257 2846 429 2931; x_wconf 88' lang='lat' dir='ltr'>sustinere,</span> <span class='ocrx_word' id='word_1_174' title='bbox 457 2868 554 2931; x_wconf 87' lang='lat' dir='ltr'>quam</span> <span class='ocrx_word' id='word_1_175' title='bbox 584 2846 635 2910; x_wconf 90' lang='lat' dir='ltr'>illi</span> <span class='ocrx_word' id='word_1_176' title='bbox 663 2867 788 2929; x_wconf 91' lang='lat' dir='ltr'>semper</span> <span class='ocrx_word' id='word_1_177' title='bbox 814 2867 896 2909; x_wconf 82' lang='lat' dir='ltr'>uxor</span> <span class='ocrx_word' id='word_1_178' title='bbox 918 2844 1073 2909; x_wconf 87' lang='lat' dir='ltr'>timuerit.</span> 
     </span>
     <span class='ocr_line' id='line_1_28' title="bbox 113 2934 1072 3017; baseline -0.002 -16"><span class='ocrx_word' id='word_1_179' title='bbox 113 2936 289 3001; x_wconf 88' lang='lat' dir='ltr'>accessisse</span> <span class='ocrx_word' id='word_1_180' title='bbox 304 2955 424 3000; x_wconf 86' lang='lat' dir='ltr'>novum</span> <span class='ocrx_word' id='word_1_181' title='bbox 439 2937 543 3000; x_wconf 86' lang='lat' dir='ltr'>amori</span> <span class='ocrx_word' id='word_1_182' title='bbox 561 2956 620 3000; x_wconf 90' lang='lat' dir='ltr'>suo</span> <span class='ocrx_word' id='word_1_183' title='bbox 639 2938 885 3017; x_wconf 85' lang='lat' dir='ltr'>sacramentum,</span> <span class='ocrx_word' id='word_1_184' title='bbox 905 2937 937 2998; x_wconf 93' lang='lat' dir='ltr'>et</span> <span class='ocrx_word' id='word_1_185' title='bbox 955 2934 1072 2999; x_wconf 90' lang='lat' dir='ltr'>iudicio</span> 
     </span>
     <span class='ocr_line' id='line_1_29' title="bbox 112 3023 714 3110; baseline -0.007 -19"><span class='ocrx_word' id='word_1_186' title='bbox 112 3025 216 3110; x_wconf 83' lang='lat' dir='ltr'>patris</span> <span class='ocrx_word' id='word_1_187' title='bbox 239 3028 372 3090; x_wconf 82' lang='lat' dir='ltr'>auctum</span> <span class='ocrx_word' id='word_1_188' title='bbox 394 3024 520 3088; x_wconf 86' lang='lat' dir='ltr'>iuvenis</span> <span class='ocrx_word' id='word_1_189' title='bbox 543 3023 714 3089; x_wconf 88' lang='lat' dir='ltr'>adfectum.</span> 
     </span>
    </p>
   </div>
   <div class='ocr_carea' id='block_1_6' title="bbox 113 3231 1083 3448">
    <p class='ocr_par' dir='ltr' id='par_1_6' title="bbox 113 3231 1083 3448">
     <span class='ocr_line' id='line_1_30' title="bbox 187 3231 1076 3305; baseline -0.008 -15"><span class='ocrx_word' id='word_1_190' title='bbox 187 3243 221 3292; x_wconf 84' lang='lat'>10</span> <span class='ocrx_word' id='word_1_191' title='bbox 237 3235 334 3291; x_wconf 80' lang='lat' dir='ltr'>adulte</span> <span class='ocrx_word' id='word_1_192' title='bbox 347 3239 395 3288; x_wconf 76' lang='lat' dir='ltr'>AB</span> <span class='ocrx_word' id='word_1_193' title='bbox 409 3237 419 3305; x_wconf 74' lang='lat' dir='ltr'>l</span> <span class='ocrx_word' id='word_1_194' title='bbox 434 3241 467 3289; x_wconf 80' lang='lat'>12</span> <span class='ocrx_word' id='word_1_195' title='bbox 482 3233 608 3289; x_wconf 89' lang='lat' dir='ltr'>modeste</span> <span class='ocrx_word' id='word_1_196' title='bbox 626 3235 685 3290; x_wconf 83' lang='lat' dir='ltr'>edd.</span> <span class='ocrx_word' id='word_1_197' title='bbox 700 3235 711 3304; x_wconf 73' lang='lat' dir='ltr'>l</span> <span class='ocrx_word' id='word_1_198' title='bbox 724 3231 955 3300; x_wconf 66' lang='lat' dir='ltr'>13voluissetnll</span> <span class='ocrx_word' id='word_1_199' title='bbox 971 3235 1076 3284; x_wconf 83' lang='lat'><strong>13-14</strong></span> 
     </span>
     <span class='ocr_line' id='line_1_31' title="bbox 113 3303 1074 3375; baseline -0.008 -13"><span class='ocrx_word' id='word_1_200' title='bbox 113 3307 249 3362; x_wconf 76' lang='lat' dir='ltr'>adulteris</span> <span class='ocrx_word' id='word_1_201' title='bbox 273 3311 308 3375; x_wconf 82' lang='grc' dir='ltr'>Δ,</span> <span class='ocrx_word' id='word_1_202' title='bbox 336 3307 434 3361; x_wconf 74' lang='lat' dir='ltr'>alteris</span> <span class='ocrx_word' id='word_1_203' title='bbox 452 3310 488 3375; x_wconf 78' lang='grc' dir='ltr'>Β,</span> <span class='ocrx_word' id='word_1_204' title='bbox 511 3321 580 3361; x_wconf 78' lang='lat' dir='ltr'>corr.</span> <span class='ocrx_word' id='word_1_205' title='bbox 603 3304 648 3361; x_wconf 83' lang='lat' dir='ltr'>Ro</span> <span class='ocrx_word' id='word_1_206' title='bbox 671 3309 680 3375; x_wconf 90' lang='grc' dir='ltr'>ΙΙ</span> <span class='ocrx_word' id='word_1_207' title='bbox 705 3310 737 3359; x_wconf 77' lang='grc'>15</span> <span class='ocrx_word' id='word_1_208' title='bbox 756 3303 898 3358; x_wconf 75' lang='lat' dir='ltr'>aetatibus</span> <span class='ocrx_word' id='word_1_209' title='bbox 916 3305 977 3370; x_wconf 76' lang='lat' dir='ltr'>AB,</span> <span class='ocrx_word' id='word_1_210' title='bbox 1005 3318 1074 3356; x_wconf 78' lang='lat' dir='ltr'>corr.</span> 
     </span>
     <span class='ocr_line' id='line_1_32' title="bbox 114 3372 1083 3448; baseline -0.012 -16"><span class='ocrx_word' id='word_1_211' title='bbox 114 3378 158 3434; x_wconf 83' lang='lat' dir='ltr'>Ro</span> <span class='ocrx_word' id='word_1_212' title='bbox 180 3379 191 3448; x_wconf 94' lang='lat' dir='ltr'>l</span> <span class='ocrx_word' id='word_1_213' title='bbox 213 3382 247 3431; x_wconf 81' lang='lat'>28</span> <span class='ocrx_word' id='word_1_214' title='bbox 275 3377 383 3433; x_wconf 88' lang='lat' dir='ltr'>factum</span> <span class='ocrx_word' id='word_1_215' title='bbox 410 3380 474 3446; x_wconf 77' lang='grc' dir='ltr'>ΑΒ,</span> <span class='ocrx_word' id='word_1_216' title='bbox 503 3393 573 3433; x_wconf 80' lang='lat' dir='ltr'>corr.</span> <span class='ocrx_word' id='word_1_217' title='bbox 601 3375 666 3442; x_wconf 58' lang='lat' dir='ltr'>Sela</span> <span class='ocrx_word' id='word_1_218' title='bbox 693 3376 801 3431; x_wconf 86' lang='lat' dir='ltr'>factum</span> <span class='ocrx_word' id='word_1_219' title='bbox 827 3372 941 3428; x_wconf 76' lang='lat' dir='ltr'>iuuenis</span> <span class='ocrx_word' id='word_1_220' title='bbox 963 3388 1083 3425; x_wconf 64' lang='lat' dir='ltr'>excusa.-</span> 
     </span>
    </p>
   </div>
   <div class='ocr_carea' id='block_1_7' title="bbox 113 3449 240 3506">
    <p class='ocr_par' dir='ltr' id='par_1_7' title="bbox 113 3449 240 3506">
     <span class='ocr_line' id='line_1_33' title="bbox 113 3449 240 3506; baseline 0.008 -1"><span class='ocrx_word' id='word_1_221' title='bbox 113 3449 240 3506; x_wconf 77' lang='lat' dir='ltr'>tanr</span> 
     </span>
    </p>
   </div>
   <div class='ocr_carea' id='block_1_8' title="bbox 0 0 1202 3816">
    <p class='ocr_par' dir='ltr' id='par_1_8' title="bbox 0 0 1202 3816">
     <span class='ocr_line' id='line_1_34' title="bbox 0 0 1202 3816; baseline 0 0"><span class='ocrx_word' id='word_1_222' title='bbox 0 0 1202 3816; x_wconf 95' lang='lat' dir='ltr'> </span> 
     </span>
    </p>
   </div>
  </div>
 </body>
</html>
