2386 3816
291 174 607 232 DECLAMATIONES.
626 176 830 234 CCCXXXVII.
974 177 1041 243 329

79 339 214 404 adicere.
252 338 382 403 domum
406 339 590 422 perdidisti:
614 341 724 424 gravis
747 339 866 405 iniuria
889 341 1040 406 fortunae

77 450 196 493 novam
219 426 375 492 habitare.
418 428 474 492 sed
496 450 631 493 uxorem
653 428 835 513 perdidisti:
859 452 901 494 ne
923 430 958 494 in
978 430 1039 494 hae

77 516 207 602 quidem
235 515 298 581 tibi
326 516 466 582 multum
490 517 640 582 desiderii
664 520 723 583 est.
768 519 928 603 quomodo
953 518 1039 583 enim

77 628 133 671 vos
139 656 148 690 ,
172 605 302 688 divites,
325 606 472 689 recipitis
495 606 727 671 matrimonia?
759 606 927 690 recipitis?
955 607 1039 672 aliae

76 717 134 760 vos
157 695 290 777 rapiunt
316 694 516 780 voluptates,
542 695 600 760 illa
622 694 815 779 ministeria,
842 695 893 759 illi
916 695 1075 759 imitatio

76 783 215 848 feminas
230 783 334 866 pueri:
352 782 427 847 inde
447 783 492 868 fit,
510 787 548 848 ut
565 806 606 848 ne
625 784 746 849 liberos
766 784 894 868 quidem
914 785 1039 848 ametis.

78 892 154 957 ergo
177 875 210 936 te
232 874 370 955 possunt
397 872 501 937 multa
528 872 668 957 hortari,
701 877 868 956 praeterea
901 873 1041 937 subeunt

77 961 208 1026 solatia:
233 965 266 1025 et
284 983 417 1026 uxorem
438 961 501 1025 tibi
518 961 663 1027 invenire
682 961 777 1026 facile
797 965 847 1026 est
866 965 899 1027 et
917 962 1039 1025 liberos

76 1050 140 1115 tibi
163 1050 244 1115 alios
268 1049 403 1114 educare
426 1049 521 1115 facile
545 1054 610 1134 est3
635 1072 701 1115 non
724 1050 911 1134 relinquunt
933 1048 1039 1115 dolori

77 1138 186 1203 locum
207 1142 259 1203 tot
278 1138 491 1204 circumfusae
514 1139 709 1222 voluptates.
732 1138 805 1224 Ego
829 1138 1038 1204 haecomnia
1061 1151 1094 1200 10

77 1248 192 1310 passus
224 1241 302 1292 sum
329 1249 461 1311 pauper.
511 1227 539 1291 si
572 1227 725 1311 dicerem,
756 1250 881 1313 pauper
907 1228 1038 1293 domum

77 1315 215 1399 perdidi:
248 1319 361 1381 exutus
393 1320 505 1382 tamen
534 1317 622 1381 omni
650 1337 748 1382 censu
776 1317 911 1383 viderer.
962 1337 1039 1401 quo-

77 1404 173 1469 modo
198 1406 284 1471 enim
303 1405 362 1469 illa
380 1406 466 1489 apud
485 1426 536 1469 me
555 1405 779 1471 remanserat?
808 1406 884 1491 quia
902 1409 1039 1491 paterna

76 1497 155 1558 erat.
200 1515 325 1578 pauper
351 1493 470 1559 liberos
500 1494 638 1579 perdidi,
665 1517 789 1579 pauper
810 1517 945 1560 uxorem
968 1515 1038 1577 per·
1157 1575 1160 1581 .

76 1582 157 1646 didi:
182 1584 270 1648 solus
293 1583 425 1648 relictus
449 1606 535 1667 sum,
558 1584 646 1649 solus
669 1583 845 1649 destitutus
865 1606 945 1648 sum.
980 1583 1039 1647 ini-
1060 1593 1092 1642 10

76 1671 196 1736 micum
215 1671 349 1738 divitem
367 1672 482 1737 habeo.
513 1672 619 1739 adhuc
638 1672 712 1737 odia
729 1674 797 1754 illa,
821 1695 903 1757 quae
923 1677 1038 1739 contra

76 1783 126 1826 me
150 1760 267 1826 cotidie
292 1761 388 1846 acuit,
411 1761 529 1826 fortius
552 1761 753 1826 sustinebam
775 1783 832 1845 spe
851 1760 1037 1824 liberorum.

74 1850 142 1914 iam
175 1849 256 1914 mihi
287 1849 420 1916 iuvenes
453 1853 558 1933 erant,
596 1851 663 1914 iam
695 1853 822 1932 patrem
853 1847 1037 1912 tuebantur.

76 1938 205 2003 etiamsi
235 1938 363 2023 quando
391 1959 442 2003 me
469 1939 646 2003 aemulatio
673 1940 787 2001 nostra
809 1937 844 2001 in
866 1937 938 2001 foro
962 1935 1036 2000 fati-

77 2032 224 2113 gaverat,
257 2031 340 2112 erat,
372 2049 454 2112 quae
483 2027 658 2111 exciperet,
690 2025 814 2091 coniux.
861 2026 887 2090 si
915 2025 952 2089 in
974 2022 1037 2089 hoo
1057 2037 1093 2085 20

76 2116 269 2182 consisteret
291 2121 363 2182 tota
385 2117 436 2200 lis,
460 2138 503 2180 an
524 2116 605 2180 mihi
624 2137 724 2202 grave
742 2117 828 2180 esset
845 2115 963 2198 vivere,
986 2113 1038 2180 vel

75 2227 140 2270 uno
170 2209 361 2292 argumento
389 2205 528 2289 probare
556 2210 704 2290 poteram
728 2228 785 2269 -ι
815 2204 964 2268 inimicus
988 2224 1039 2266 me

75 2294 147 2358 vult
175 2295 296 2360 vivere:
323 2294 409 2360 hano
436 2316 534 2359 unam
563 2294 667 2361 adhuc
694 2294 836 2358 destinat
865 2291 948 2358 odiis
971 2291 1038 2356 suis

76 2384 243 2448 ultionem.

143 2470 209 2538 Cur
236 2472 323 2536 enim
351 2471 455 2536 dicere
479 2471 599 2555 aliquid
623 2493 721 2536 ausus
745 2469 841 2535 sum?
879 2490 935 2533 our
958 2466 1039 2531 mihi
1058 2479 1094 2528 20

77 2565 264 2646 suspectum
282 2561 355 2646 fuit,
378 2561 463 2644 quod
482 2560 654 2625 fortissimi
672 2559 792 2623 milites
812 2555 1039 2623 vincerentur?

78 2671 135 2714 our
158 2650 347 2734 indignatus
372 2665 443 2714 sum
468 2671 579 2714 eorum
600 2649 651 2714 bis
669 2652 763 2731 terga
782 2667 887 2730 caesa,
909 2645 965 2730 qui
983 2667 1040 2729 po·
1130 2673 1133 2678 ·

75 2742 186 2802 terant
215 2739 316 2804 etiam
343 2738 395 2803 bis
428 2738 507 2803 victi
536 2742 647 2802 tamen
677 2733 829 2803 vincere?
874 2735 1040 2818 intellego,

77 2828 197 2892 aversis
222 2827 355 2892 auribus
379 2827 482 2911 accipi
504 2826 589 2891 hanc
611 2828 738 2910 partem
762 2824 928 2890 orationis.
962 2824 1041 2889 vicit

76 2916 162 2980 enim
187 2921 220 2981 et
243 2917 325 2981 bene
349 2915 447 2980 etiam
471 2916 606 2980 meritus
630 2915 668 2980 de
691 2913 872 2998 republica
893 2912 1041 2978 habetur.
1060 2924 1096 2973 30

78 3010 111 3070 et
134 3005 197 3071 hoe
218 3006 305 3071 inter
328 3026 442 3070 causas
465 3004 581 3071 mortis
605 3008 664 3069 est.

147 3188 164 3235 4
184 3198 233 3236 vos
252 3197 302 3236 om.
314 3186 335 3234 B
349 3181 358 3250 ΙΙ
372 3179 468 3234 divitis
478 3184 529 3232 AB
543 3180 553 3249 ll
567 3177 692 3248 recipitis
709 3183 741 3242 A,
760 3175 901 3247 recipiunt
917 3180 947 3243 B,
962 3173 1043 3241 *sort

75 3252 315 3324 excludendumlla
328 3251 491 3307 seduceret
505 3252 514 3321 ΙΙ
530 3254 722 3305 1101111101ηῶ
737 3249 745 3318 ΙΙ
762 3255 793 3304 13
803 3246 1042 3328 upudremans.lt‚
1092 3274 1101 3281 ,.

77 3324 154 3395 apud
172 3327 202 3379 te
220 3341 307 3378 mens.
327 3326 370 3393 Pu
387 3328 418 3377 18
437 3326 518 3393 pater
536 3325 584 3389 Δι,
604 3321 701 3391 pater&
719 3321 831 3388 Α111120
850 3333 973 3375 comunx
990 3317 1054 3394 angl

78 3401 112 3450 23
133 3395 274 3450 destinato
294 3394 348 3449 diis
366 3398 411 3465 Bu
430 3399 464 3449 27
485 3409 582 3450 eorum
598 3392 645 3450 bis
663 3409 766 3449 eorum
777 3389 831 3444 'rins
850 3388 968 3455 hwa
984 3397 1067 3436 aem·
1091 3458 1095 3462 .

73 3467 120 3536 pit
136 3471 188 3519 AB
198 3469 255 3536 ll31
273 3467 297 3538 9
319 3467 350 3522 in
368 3484 457 3540 murp.
477 3471 501 3520 Δ
