2364 3766
335 106 652 169 DECLAMATIONES.
672 112 836 170 ccxcvrn.
1000 116 1063 182 179

104 264 171 358 hoc,
194 273 282 358 quod
306 272 419 357 durus,
442 273 528 358 quod
550 274 720 361 inhabilis,
744 273 830 362 quod
852 277 939 344 filius
963 301 1063 344 meus.

106 363 218 447 qualia,
244 362 290 427 dii
315 362 466 446 deaeque,
488 362 620 428 damna!

165 452 337 537 Intellego,
360 471 434 516 oum
457 474 520 537 quo
543 453 625 517 mihi
644 453 711 518 filio
736 476 787 519 res
810 456 868 520 soc:
892 477 958 520 non
978 478 1063 523 com·

108 542 260 607 mandabo
289 541 341 606 illi
373 540 516 605 laborem
545 541 718 608 honestum
747 547 779 607 et
800 543 920 609 bonam
945 545 1062 611 cotidie

111 631 334 697 conscientiam
358 632 392 694 et
414 651 558 715 operam,
587 631 685 695 etiam
709 631 896 697 civitatibus
921 635 1097 700 sarcion-o

111 722 173 786 tem.
218 740 318 806 agam
348 740 479 784 causam
506 741 566 805 per
592 720 678 785 vices
707 721 798 805 anni,
833 723 924 802 [non]
948 743 1061 787 nume-

114 808 179 876 rabo
205 810 347 875 fructus:
384 806 587 874 luxuriosum
614 809 718 873 filium
750 809 790 873 ad
820 809 953 875 delicias
980 833 1061 876 voco

116 902 241 978 paratas:
286 896 431 983 ingentis
454 897 611 981 pecuniae
634 899 834 982 concupiscis
858 899 966 963 feras?
1008 899 1061 965 de·

118 1004 189 1052 nens
210 988 282 1073 ipse
306 1007 435 1051 venare.
481 987 596 1052 avibus
620 987 748 1052 onerari
771 987 893 1053 fercula
917 989 1060 1073 gaudes?

120 1071 221 1143 molus
245 1080 393 1160 nostros,
414 1075 479 1140 nisi
502 1077 674 1160 succurris,
697 1076 867 1142 infestant.
905 1077 1059 1162 quidquid
1080 1095 1113 1143 10

74 1174 76 1187 '
121 1157 170 1229 llic
189 1166 316 1231 lautum
340 1168 405 1248 est,
434 1185 494 1230 nos
518 1164 682 1248 misimus3
715 1167 748 1229 et
770 1165 895 1231 fructus
920 1166 1060 1231 curvatis

123 1254 199 1320 nonis
226 1256 268 1320 sd
299 1274 434 1318 manum
464 1257 596 1337 paratos
626 1254 793 1319 habemus.
838 1277 1004 1340 compara,
1033 1255 1061 1321 si

124 1337 273 1429 ridebitur,
296 1343 414 1407 vestris
437 1343 565 1408 nivibus
589 1363 676 1408 meos
695 1342 814 1428 fontes3
839 1365 992 1428 compara
1014 1346 1060 1409 in-

125 1424 197 1497 llucis
212 1433 300 1498 intra
319 1430 460 1516 parietes
475 1433 567 1517 aquis
582 1453 736 1516 perennes
750 1432 919 1497 fluminum
938 1434 1059 1517 lapsus.

126 1532 184 1597 quac
198 1524 293 1588 tanta
310 1521 406 1587 vobis
424 1519 578 1586 nemora?
603 1520 679 1605 quid
699 1525 749 1586 est
766 1521 842 1587 istic
861 1522 1060 1607 admirabile,
1080 1537 1112 1587 15

126 1603 267 1700 miraris
293 1609 460 1675 imitatio?
492 1610 532 1674 ad
556 1610 671 1675 haste
696 1609 828 1675 delicias
853 1615 947 1694 pater
970 1633 1059 1677 voco.

126 1709 174 1775 lpse
193 1699 305 1766 durum
329 1698 454 1764 desidia
478 1699 582 1764 solum
607 1699 706 1764 sulcis
730 1699 874 1783 aperiam
898 1704 931 1763 et
950 1703 1059 1783 aratro

128 1797 198 1852 leuen
215 1788 417 1856 incumbam:
440 1791 477 1852 tu
501 1792 628 1853 tantum
651 1783 785 1872 impera.
812 1809 877 1852 non
897 1787 1060 1851 misereris

127 1874 224 1950 nomi
247 1877 392 1961 avitique
414 1877 516 1962 fundi,
539 1877 637 1943 obsiti
661 1875 831 1942 sentibus?
862 1874 948 1940 circa
971 1875 1059 1940 besti

127 1954 234 2032 fructus:
257 1988 320 2033 nos
345 1965 469 2031 desidia
492 1967 577 2032 mule
601 1965 758 2031 audimus.
796 1969 875 2049 quot
897 1964 962 2028 iam
987 1985 1058 2048 per·
1078 1980 1112 2028 20

128 2043 237 2122 didimus
260 2057 379 2123 annos!
408 2058 444 2119 tu
468 2055 551 2120 vivis
576 2055 683 2120 aliena
706 2053 915 2119 liberalitate.
961 2051 1007 2118 At
1031 2053 1058 2118 si

127 2136 243 2236 lonullu
264 2147 383 2211 horum
408 2144 573 2210 miseratio
596 2148 693 2228 tenet,
716 2145 866 2229 ignoscas
886 2142 979 2206 mihi:
1003 2141 1059 2206 du-

129 2241 203 2297 lnnus
228 2234 388 2320 quendam
413 2233 566 2299 adversus
589 2234 677 2318 ipsas
701 2236 805 2298 terras
829 2231 1059 2297 consuetudine

129 2312 272 2390 dorum:
300 2345 369 2389 non
395 2322 514 2388 vendes
542 2327 580 2388 tu
604 2322 747 2408 agellum
765 2343 887 2405 meum,
913 2342 980 2385 non
1003 2342 1058 2402 pa-

129 2400 210 2476 trnos
231 2413 400 2497 avitosque
424 2413 545 2477 cineres
570 2415 603 2477 ct
626 2434 700 2477 ossa
723 2410 819 2475 alicui
838 2409 942 2493 pretio
962 2429 1058 2473 cenae
1078 2422 1112 2472 25

74 2502 78 2538 ²=
131 2492 197 2562 llius
225 2502 365 2589 addices,
408 2504 568 2586 quatenus
599 2499 774 2565 infeliciter
800 2499 905 2563 filium
934 2497 1059 2583 sustuli,

74 2591 80 2630 ³
132 2594 247 2660 luteram
268 2591 421 2676 aliquem,
444 2591 500 2675 qui
523 2590 617 2656 colat.

74 2768 87 2837 J
181 2765 245 2818 lm
263 2771 286 2819 Δ
303 2767 313 2834 ΙΙ
332 2771 348 2820 2
369 2763 529 2833 dedeaeque
548 2769 600 2831 As,
624 2762 779 2832 dideaeque
797 2767 850 2831 Ab,
874 2760 967 2817 dicere
985 2767 1005 2815 B
1020 2765 1059 2833 {l3

74 2839 90 2870 ⁵
136 2823 214 2903 W,
230 2836 357 2922 corallo
371 2838 411 2907 [14
431 2836 551 2892 coditiae
566 2841 589 2889 Δ
602 2837 611 2907 ΙΙ
625 2840 641 2890 5
661 2833 746 2890 etiam
764 2835 796 2916 in
814 2833 866 2889 civ.
886 2835 930 2903 'll
945 2841 960 2888 6
978 2834 1058 2917 [non]

76 2934 81 2942 ·
137 2900 915 3048 obscuramur‘’dlululaaal
928 2912 1060 3045 olera

77 3037 91 3085 ¹
140 3040 199 3098 Μὶί
215 3049 320 3106 videtur
338 3055 360 3103 B
378 3051 388 3120 ΙΙ
412 3057 445 3105 13
465 3055 573 3106 vestros
595 3049 706 3104 nivibus
724 3048 794 3103 meis
813 3053 874 3115 AB,
898 3064 968 3103 corr.
991 3046 1032 3101 Gr
1051 3049 1060 3117 ll

142 3100 210 3171 ¹⁸-u
222 3119 321 3177 incuss
339 3123 404 3177 sac.
422 3123 475 3177 aa
493 3123 567 3177 incer
585 3138 643 3190 par.
662 3121 706 3190 ll
721 3126 755 3185 rc
775 3119 830 3174 oris
848 3121 889 3174 aa
909 3117 978 3173 roas
997 3122 1037 3170 aa
1056 3120 1059 3190 ι

81 3182 111 3259 'cs'
143 3168 305 3270 ”milvimus
329 3199 353 3247 Δ
375 3194 384 3263 l
407 3193 483 3264 quod
501 3197 550 3246 ΑΒ
569 3193 578 3262 ΙΙ
597 3199 630 3247 22
649 3193 709 3246 ulla
730 3192 830 3245 horum
855 3190 987 3244 miserato
1011 3193 1032 3240 B
1056 3196 1059 3257 l

84 3266 114 3300 '··'
238 3266 328 3338 ⁸l²⁶
348 3263 522 3321 infoelicium
541 3264 633 3332 31127
654 3264 765 3318 coletB
