2386 3816
336 166 655 227 DECLAMATIONES.
675 169 816 226 CCLVIII.
1014 172 1057 240 53

94 333 391 416 quantumcumque
414 332 459 399 sit
481 332 578 419 istud,
602 333 688 419 quod
711 339 800 419 peto:
826 357 892 401 non
915 336 1059 403 indicare

94 418 178 483 satis
211 419 281 485 est?
317 442 383 487 non
411 421 604 488 desiderium
637 425 806 508 pervenire
838 425 874 490 in
906 427 1058 491 notitiam

93 511 188 573 tuam
207 508 336 596 sufficit,
353 511 418 577 nisi
430 531 541 596 preces
552 511 739 598 adhibuero,
756 514 820 580 nisi
830 515 1058 581 auctoritatem

93 601 266 681 paternum
290 600 504 667 summisero?
536 601 676 667 inultum
698 624 904 690 peccaveras,
928 605 1067 670 etiamsi

93 687 325 771 praestitisses.
1076 706 1092 756 5

161 774 258 842 Nunc
285 798 361 843 vero
392 778 469 863 quid
492 801 512 845 a
534 784 568 847 te
590 778 771 863 petieram?
802 784 840 846 ut
861 782 941 846 mihi
964 802 1057 868 prae·

93 865 162 930 mio
186 864 324 932 cederes.
345 889 412 934 non
430 867 512 954 dico,
534 866 612 955 quid
630 869 729 935 fuerit
748 873 942 936 secuturum.
972 870 1057 937 Sane

26 1006 29 1010 .
94 953 144 1019 its
171 953 216 1019 sit
243 956 424 1022 constituto
448 957 514 1043 lex,
544 963 583 1025 ut
609 959 645 1022 in
672 959 792 1024 iudicio
815 960 1057 1045 contendamus,

93 1047 134 1108 ut
160 1043 245 1109 citra
271 1045 452 1129 periculum
481 1046 606 1113 feratur
632 1047 672 1112 de
698 1051 813 1114 nostra
839 1048 960 1114 virtute
989 1070 1058 1114 sen·

92 1132 213 1199 tentia:
240 1155 306 1200 non
335 1138 407 1201 erat
428 1156 568 1222 aequum
591 1135 704 1204 cedere
727 1141 776 1222 te,
803 1140 929 1204 utnon
951 1138 1111 1203 dicamro

93 1222 195 1307 patri,
223 1223 314 1288 seni?
349 1223 413 1290 tibi
442 1225 672 1310 adprobandos
695 1226 827 1292 virtutis
850 1226 955 1292 multa
976 1230 1058 1291 tem-

94 1332 176 1396 pora
200 1317 387 1400 supersunt3
408 1318 445 1379 tu
469 1337 600 1399 sperare
622 1315 663 1400 id,
686 1316 771 1400 quod
796 1315 893 1381 hodic
912 1317 1058 1400 cesseris,

94 1405 204 1485 potes:
228 1401 309 1467 mihi
332 1403 468 1469 indulsit
490 1403 622 1470 fortuna
644 1405 730 1470 hunc
751 1425 937 1489 supremum
956 1405 1058 1470 hono·

94 1511 173 1557 rem.
211 1491 296 1557 inter
315 1495 486 1558 extraneos
509 1514 636 1580 quoque
660 1498 693 1559 et
715 1494 838 1560 alienos
856 1497 907 1559 est
925 1493 1057 1578 aliquod

93 1581 303 1666 privilegium
321 1580 466 1648 aestatis.
505 1582 644 1648 honores
663 1583 754 1667 prior
777 1587 933 1667 peterem:
952 1583 994 1647 od
1014 1584 1055 1647 si·
1077 1597 1109 1646 15

95 1671 262 1758 gnsndum
290 1669 480 1754 advocatus,
516 1671 609 1757 prior
630 1672 830 1757 <signarem
863 1672 1058 1737 sententiam

94 1760 208 1846 prior>
224 1778 367 1845 rogarer.
384 1759 420 1824 in
434 1759 487 1826 his
501 1761 601 1827 etiam
615 1761 759 1826 minimis
774 1760 1058 1826 observationibus

94 1850 273 1915 inhumane
295 1869 362 1914 non
385 1847 513 1914 cederes
535 1849 693 1915 honorem
715 1849 838 1915 lateris.

164 1939 237 2025 Ago
259 1959 345 2022 vcro,
371 1959 438 2003 non
459 1941 588 2022 praeter
610 1938 672 2003 hoc
695 1939 794 2004 etiam
817 1937 947 2023 dignior
968 1957 1060 2020 pree·

95 2029 162 2094 mio
185 2027 251 2094 fuit
271 2027 376 2093 virtus
398 2026 494 2093 mee?
516 2048 583 2092 non
605 2030 741 2093 cottam
760 2025 962 2110 admirabile,
985 2046 1058 2090 cum
1078 2040 1112 2090 20

95 2117 226 2184 fortiter
247 2115 328 2183 facit
350 2116 489 2182 iuvenis:
512 2115 575 2182 hoo
593 2119 682 2182 aetas
700 2115 857 2201 postulat,
879 2115 940 2180 hoc
958 2115 1059 2181 robur

95 2209 248 2273 iuventae
269 2206 389 2291 poseit3
416 2226 518 2290 paene
541 2209 635 2290 turpe
658 2209 721 2288 est,
750 2226 818 2271 non
840 2204 968 2271 fecisse:
995 2204 1059 2271 hoc

97 2302 148 2363 est
171 2297 295 2362 honore
318 2294 464 2380 dignius,
487 2294 604 2361 vicisse
627 2316 729 2360 annos
751 2298 786 2360 et
805 2294 893 2361 ultra
917 2297 1059 2359 aetatem

97 2387 252 2452 durantes
280 2403 376 2470 agere
403 2384 551 2450 virtutes.
597 2405 635 2449 eo
664 2387 812 2468 tempore
834 2382 965 2449 fortiter
987 2382 1059 2467 feci,

96 2496 161 2561 quo
184 2475 259 2562 cogi
278 2495 345 2539 non
363 2495 502 2558 possem,
524 2477 563 2538 ut
580 2473 765 2540 militarem.
798 2476 907 2538 utrum
926 2471 1059 2537 tandem
1076 2482 1112 2536 ao

28 2600 31 2605 ·
97 2566 145 2631 vis
171 2563 281 2648 <non>
304 2583 460 2650 magnum
483 2583 562 2646 esse,
585 2562 670 2647 quod
693 2583 755 2648 ego
777 2561 853 2648 feci3
886 2584 928 2627 an
951 2560 1059 2626 minus

98 2676 168 2721 esse
193 2652 292 2738 (eo),
315 2651 402 2737 quod
423 2656 460 2717 tu
482 2650 610 2717 fecisti?

163 2742 343 2827 Videamus
365 2762 451 2806 nunc
473 2740 567 2825 haee,
590 2740 663 2826 quis
685 2739 785 2806 fuerit
806 2743 974 2806 secuturus
994 2739 1060 2804 exi-

96 2833 214 2918 tus‚-si
235 2831 271 2898 in
294 2832 360 2897 ista
383 2828 590 2896 contentione
612 2829 749 2914 praemii
771 2829 857 2896 idem
878 2829 979 2894 animi
997 2849 1059 2914 ego

97 2942 226 3026 quoque
262 2919 464 2987 habuissem:
500 2919 597 2985 armis
630 2918 888 2985 contendendum
923 2921 994 2983 erat
1027 2919 1060 2983 et
1077 2932 1113 2981 30

96 3011 281 3078 laetissimo
309 3008 431 3095 alioqui
458 3007 572 3075 domus
600 3013 730 3074 nostrae
752 3011 913 3094 prouentu
935 3005 1059 3093 gravis-

171 3193 205 3242 14
224 3184 333 3254 aliquid
350 3189 390 3238 ss
413 3186 422 3255 l
448 3189 481 3239 16
499 3183 692 3255 priopeterent
711 3187 734 3236 Δ
757 3186 767 3254 ΙΙ
791 3191 824 3240 16
842 3181 1019 3256 *<signarem
1038 3199 1060 3239 s.
1171 3212 1173 3217 ·

97 3257 195 3332 prior>
213 3257 222 3327 ss
242 3262 276 3312 18
294 3256 480 3312 inhumanum
497 3272 533 3310 ne
551 3255 609 3313 ced.
629 3260 649 3308 B
668 3258 679 3325 ιΙ
698 3261 731 3310 19
750 3253 892 3324 indignior
910 3257 930 3305 B
945 3255 954 3324 ll
973 3258 1007 3306 20
1026 3251 1060 3306 in

98 3330 283 3386 iuvenibus
308 3328 474 3383 virtutem
498 3343 564 3383 non
588 3327 672 3382 sotis
692 3343 765 3381 esse
784 3325 991 3380 laudandum
1010 3326 1032 3374 Δ
1051 3324 1060 3394 ll

98 3399 249 3524 2⁶·<;¹⁰n>
267 3398 312 3456 Ro
326 3400 335 3469 ΙΙ
348 3397 424 3474 (eo)
442 3399 486 3454 Ro
499 3399 509 3468 ΙΙ
523 3403 557 3454 28
575 3399 659 3453 haec
679 3396 755 3469 quis
774 3400 823 3470 hil
832 3397 932 3466 aequis
942 3400 976 3465 1,
989 3395 1065 3449 haec

97 3491 143 3541 qm
