2386 3816
156 137 197 203 76
519 131 772 203 nummulum!
870 136 873 143 ’

155 302 244 368 aliud
266 301 339 387 fuit,
362 323 459 386 quam
482 299 775 386 ignominiosorum
798 299 833 364 in
855 298 1031 384 pristinum
1055 302 1124 364 sta·

155 397 224 457 tum
247 391 422 456 restitutio.
465 394 502 455 tu
525 388 670 455 nondum
698 409 769 455 oras
797 388 833 453 in
856 410 895 453 ea
917 387 1059 472 fortuna,
1083 393 1127 453 ut

154 480 373 545 restituendus
401 498 498 544 esses.
550 477 633 562 „Sed
660 478 787 561 eodem,
818 475 941 562 inquis,
971 480 1126 562 ternpore

156 589 216 654 ego
243 568 458 655 ignominiam
481 566 597 651 merui,
626 589 690 652 qno
711 567 850 632 remissa
877 564 954 631 est.“
999 565 1126 632 Postea

121 675 137 726 5
157 658 271 743 dicam,
294 680 391 743 quam
410 657 527 743 dignus
545 657 610 722 ista
628 657 674 722 sis
689 655 883 742 ignominia:
906 654 1038 720 interim
1056 655 1126 720 ista

156 748 313 833 temporis
341 747 584 832 computatione
613 745 755 811 excludo.
784 744 948 829 ¹quamvis
971 743 1058 809 enim
1082 765 1125 810 ea

156 837 286 922 rogatio
309 839 440 921 recepta
464 835 516 918 sit,
540 833 590 899 cui
608 840 645 913 tu
663 834 762 899 tertio
782 833 1019 899 contradixisti:
1043 838 1123 899 ante

156 929 267 990 tamen
293 924 423 1010 rogatio
450 926 582 1007 recepta
610 927 672 1008 est,
698 944 797 1008 quarn
824 925 861 987 tu
884 923 1124 1008 ignominiosus

157 1035 227 1079 esse
251 1014 421 1100 coepisses.
466 1012 533 1077 Lex
556 1011 642 1077 enirn
665 1010 742 1097 quid
761 1010 864 1077 dicit?
910 1011 982 1088 Qui
1005 1031 1124 1096 roga·

105 1119 138 1170 ro
156 1103 258 1168 tioni
279 1106 341 1167 ter
359 1101 647 1168 contradixerit
668 1121 789 1185 neque
807 1100 992 1184 tenuerit,
1010 1101 1124 1187 igno-

156 1192 346 1257 miniosus
379 1192 439 1257 sit.
486 1191 525 1256 de
552 1190 729 1276 praeterito
757 1193 791 1255 et
818 1189 857 1254 de
884 1189 1029 1274 perfecto
1052 1190 1123 1256 iam

156 1285 386 1365 transactoque
409 1283 557 1362 tempore
579 1279 733 1363 loquitur.
778 1299 849 1346 cum
877 1280 918 1344 de
945 1278 1123 1363 rogatione

158 1373 318 1454 ageretur,
338 1367 596 1434 contradicebas:
614 1367 758 1433 nondum
777 1389 849 1433 eras
864 1368 1123 1455 ignominiosns;

156 1457 300 1522 nondum
327 1457 414 1521 enim
436 1457 565 1543 rogatio
592 1461 664 1522 erat
683 1456 866 1541 (recepta).
912 1460 947 1522 at
969 1477 1045 1522 cum
1067 1479 1122 1522 re-

105 1563 138 1613 rt
157 1550 252 1630 cepta
274 1548 324 1611 est
346 1546 485 1632 rogatio,
507 1548 588 1629 tum,
611 1546 687 1629 quia
709 1567 775 1611 non
795 1550 956 1629 tenueras,
978 1548 1121 1632 ignomi-

157 1635 269 1699 niosus
293 1656 365 1701 esse
388 1635 532 1718 coepisti.
754 1646 785 1689 s
831 1678 834 1683 -

167 1741 171 1747 ·
224 1722 310 1788 Illud
339 1724 439 1790 etiam
469 1722 672 1789 adiciendum
694 1721 837 1807 videtur,
857 1724 1027 1790 neminem
1050 1746 1123 1790 um·

157 1834 253 1896 quam
278 1812 459 1899 digniorem
477 1812 579 1878 fuisse
596 1813 787 1898 ignominia,
810 1832 907 1898 quam
924 1816 967 1880 te.
1005 1814 1125 1880 videri·

156 1903 354 1987 musenim,
385 1903 497 1988 quales
526 1901 604 1968 illae
626 1901 748 1967 fuerint
769 1901 970 1986 rogationes,
1002 1904 1124 1988 quibus

104 2008 138 2059 20
158 1996 256 2056 antea
288 1991 524 2057 contradixisti.
574 1992 671 2056 utiles
707 1991 835 2076 utique:
869 1995 1020 2076 receptae
1043 1998 1123 2060 sunt

157 2079 244 2144 enirn
268 2084 301 2145 et
322 2101 381 2164 pro
404 2102 441 2146 re
463 2079 595 2166 publica
617 2080 816 2164 placuerunt.
855 2081 1020 2147 enimvero
1043 2082 1123 2149 huic

157 2168 275 2252 aliquis
302 2169 467 2254 rogationi
495 2168 688 2234 contradicit
714 2173 784 2235 tam
807 2169 1022 2256 misericordi,
1049 2166 1123 2238 tarn

156 2257 232 2340 leni,
255 2278 338 2340 quae
360 2258 479 2323 civium
502 2278 671 2323 numerum
694 2257 854 2344 ampliat?
889 2259 917 2325 si
932 2259 1026 2326 alius
1050 2263 1123 2346 qui·

156 2345 238 2411 libet
255 2344 514 2432 contradixisset,
536 2346 748 2414 inhumanam
766 2368 836 2414 rem
854 2348 995 2417 fecisset
1030 2355 1067 2419 at
1081 2355 1120 2416 tu

103 2451 136 2502 ao
155 2435 242 2501 istud
262 2435 469 2519 contradicis,
486 2457 527 2502 ne
544 2437 756 2522 ignominiosi
775 2437 1000 2523 restituantur,
1019 2439 1121 2507 homo

156 2524 266 2608 <non>
284 2529 376 2591 extra
398 2525 577 2609 periculum
599 2527 736 2610 positus.
765 2525 884 2610 dignus
907 2549 942 2593 es
965 2523 1058 2615 ergo,
1081 2537 1121 2596 ut

155 2612 292 2696 patiaris
317 2635 364 2699 ea,
387 2636 470 2699 quae
492 2615 564 2700 pati
588 2635 699 2680 omnes
718 2615 860 2681 voluisti.
883 2617 948 2682 nisi
967 2617 1052 2684 forte
1072 2620 1120 2685 sic

154 2701 377 2787 intellegimus
404 2703 503 2769 istam
531 2707 696 2789 receptam
718 2705 936 2790 rogationem,
964 2711 1000 2772 ut
1021 2728 1120 2774 nemo

156 2791 199 2855 sit
218 2812 372 2874 umquam
391 2792 523 2860 omnino
541 2793 723 2858 incivitate
741 2796 856 2860 nostra
870 2795 1119 2881 ignominiosus.

101 2895 135 2947 30
154 2883 189 2944 ot
211 2879 282 2962 (si)
305 2879 338 2944 id
361 2881 413 2946 vel
436 2882 577 2966 populus
601 2881 772 2967 voluisset,
794 2883 846 2948 vel
867 2884 933 2968 ille,
957 2885 1013 2970 qui
1036 2884 1117 2953 fere·

155 2967 213 3033 bat
241 2969 499 3054 <rogationem>,
531 2971 723 3057 abrogasset
754 2972 864 3056 potius
893 2973 979 3039 hanc
1001 2975 1118 3061 legem,

175 3141 181 3152 .
226 3076 242 3126 2
261 3075 293 3126 tu
311 3072 362 3129 del.
382 3077 423 3126 Ab
442 3075 452 3144 11
470 3078 486 3128 t
505 3071 591 3147 istasfs
607 3078 642 3144 A,
662 3074 732 3130 istas
750 3078 771 3127 l
789 3076 799 3145 ΙΙ
816 3073 853 3130 sis
871 3090 921 3131 om.
941 3077 1118 3148 Epignomi·

153 3159 213 3198 mas
232 3146 298 3195 AaB
312 3146 322 3214 ΙΙ
336 3149 405 3201 6-6
424 3145 507 3200 istam
523 3149 542 3201 t.
558 3145 797 3216 computationem
806 3144 844 3216 (ἓ)
855 3147 900 3202 Ro
913 3148 922 3216 y!
937 3154 952 3203 7
967 3150 1115 3220 rogatione

154 3216 306 3355 ddidaqdid
324 3216 967 3359 1⁸1„pprfpoipatpippsipctssopupzBaptisppicsspppippta
978 3221 1116 3349 (311ξὲ11Ῑὲ

153 3359 240 3481 (ppt.
261 3357 389 3484 quaAPNJ
407 3364 441 3414 26
460 3358 558 3433 (non)
576 3359 700 3429 Sctflw
719 3359 832 3416 omnino
850 3378 900 3419 om.
918 3364 1012 3434 111130
1031 3315 1116 3420 diu

199 3445 296 3497 ,cora
337 3445 367 3486 er
