2386 3816
165 137 231 201 104
525 134 752 202 QUINTILIANI

165 323 261 366 causa
284 300 399 365 mortis
422 299 537 365 haberi
559 304 683 384 potest3
710 302 742 364 et
765 300 830 383 ille,
855 298 911 384 qui
934 299 1132 364 sceleratum

163 389 317 473 preduxit
343 390 378 453 in
404 388 578 473 publicum.
620 410 677 454 cur
703 389 804 474 igitur
831 386 866 452 hi
896 388 1042 453 accusari
1065 390 1129 454 ista

164 479 236 562 lege
258 499 325 542 non
347 477 506 562 possunt?
538 477 698 563 quoniam·
715 499 782 542 non
805 499 863 561 per
886 477 977 563 ipsos
999 481 1128 543 tantum

166 568 270 651 stetit,
295 567 449 652 quoniam
472 568 541 633 iure
564 568 731 652 perierunt
753 567 801 650 hi,
828 566 944 651 quibus
968 588 1058 632 mors
1081 566 1128 631 al·

130 657 235 721 slata
258 661 315 722 est.
349 656 406 722 sed
427 656 512 722 hanc
535 660 662 741 partem
684 676 895 721 reservemus.
926 655 1058 721 interim
1081 655 1130 720 vi-

165 745 306 830 deamus,
330 746 407 832 quid
432 747 476 810 sit
495 767 592 810 causa
613 744 738 811 mortis.
766 765 827 809 nos
846 743 880 809 id
898 744 1036 811 dicimus
1055 766 1130 810 cau-

164 857 234 899 sam
267 857 337 900 esse
370 835 498 918 mortis,
531 835 616 918 quod
648 834 774 899 homini
806 837 944 900 mortem
978 833 1128 902 attulerit

164 925 282 1007 solum,
302 925 386 1009 quod
405 923 504 988 nullis
526 927 618 988 extra
637 923 856 988 accidentibus
873 924 980 989 causis
994 923 1127 989 noxium

162 1012 275 1097 fuerit,
305 1035 367 1097 quo
391 1012 490 1077 homo
513 1013 677 1096 periturus
699 1012 807 1094 fuerit,
832 1011 965 1078 etiamsi
984 1012 1034 1077 nil
1057 1013 1131 1098 ipse

110 1118 143 1166 1o
162 1101 301 1167 fecisset.

229 1191 268 1254 Id
290 1191 374 1274 (ne)
395 1191 481 1277 quod
504 1190 655 1274 dicimus,
677 1190 743 1255 tale
759 1190 831 1256 est?
854 1190 1029 1256 intuendae
1050 1194 1127 1256 sunt

162 1301 213 1344 res
231 1280 331 1363 ipsae,
351 1302 432 1365 quac
451 1281 486 1345 in
504 1281 626 1346 crimen
641 1279 850 1345 deducuntur.
869 1279 1007 1364 produxi
1021 1279 1125 1346 filiam

162 1367 202 1431 ad
225 1369 468 1453 magistratum:
501 1368 577 1454 quid
610 1369 673 1434 hoc
705 1369 746 1433 ad
778 1365 979 1435 inferendam
1008 1390 1068 1454 per
1091 1391 1125 1436 se

161 1456 301 1537 pertinet
323 1457 485 1522 mortem?
508 1459 666 1543 praecepi,
689 1462 727 1522 ut
744 1461 882 1523 mortem
901 1461 1039 1542 optaret.
1072 1458 1124 1524 de·

109 1546 268 1628 rotrahe,
300 1547 386 1630 quod
409 1547 466 1612 ille
489 1551 602 1631 raptor
631 1551 693 1630 est;
727 1546 874 1631 detrahe,
903 1546 988 1632 quod
1015 1550 1050 1612 et
1072 1548 1124 1614 lex

161 1639 326 1720 raptorem
347 1637 486 1702 interfici
504 1637 610 1722 iubet,
634 1635 776 1721 detrahe,
795 1636 881 1721 quod
899 1636 967 1701 filia
984 1640 1125 1702 mortem

160 1725 302 1810 raptoris
322 1726 461 1810 optavit:
485 1727 601 1812 ipsum,
626 1726 712 1810 qnod
731 1747 792 1811 ego
810 1725 883 1810 feci,
906 1729 1048 1791 mortem
1066 1725 1123 1792 ho·

160 1815 241 1878 mini
265 1813 391 1880 adferre
413 1838 479 1881 non
497 1816 613 1900 potuit.
645 1837 712 1880 non
730 1837 862 1901 possum
882 1814 1005 1901 e<r>go
1019 1814 1125 1881 videri

160 1925 257 1970 causa
280 1905 396 1970 mortis
419 1906 545 1972 homini
568 1904 677 1971 fuisse.
707 1905 783 1989 quid
801 1904 884 1971 feci?
926 1904 1013 1991 quod
1031 1905 1123 1970 inno·

106 1993 248 2058 noxium
273 1998 355 2079 erat,
380 1996 408 2060 si
429 1995 512 2060 nihil
535 1995 591 2060 ille
613 1993 753 2060 fecisset.
781 1994 895 2080 fingite
920 1995 1016 2077 enim,
1041 1993 1123 2061 haec

160 2082 302 2147 accidere
330 2084 488 2168 potuisse:
519 2084 657 2168 produxi
688 2084 805 2169 filiam3
837 2088 950 2168 optare
982 2088 1123 2150 mortem

159 2170 253 2234 iussi:
277 2172 407 2256 ignoret
426 2195 512 2255 sane,
536 2195 618 2258 quae
641 2173 685 2238 sit
703 2173 743 2238 ad
762 2174 976 2259 magistratus
994 2174 1124 2240 educta:

160 2258 187 2322 si
205 2262 316 2342 potest
337 2261 440 2327 dicere
465 2261 568 2326 »nihil
588 2262 654 2326 tale
673 2262 820 2346 admisi«,
847 2261 931 2327 nihil
949 2263 1122 2328 nocuerint

159 2369 205 2432 ea,
230 2370 310 2432 quae
336 2370 396 2435 ego
419 2350 491 2416 feci.
520 2351 597 2436 quid
621 2372 698 2437 ergo
717 2351 768 2416 illi
787 2374 884 2417 causa
903 2353 1017 2416 mortis
1037 2352 1121 2418 fuit?

81 2453 138 2502 25
159 2437 243 2521 quod
267 2439 384 2524 rapuit,
408 2439 493 2523 quod
517 2441 685 2525 <raptori>
703 2442 756 2506 lex
779 2443 917 2506 mortem
941 2441 1123 2508 constituit

156 2525 201 2591 Et
215 2526 276 2592 hoc
295 2550 397 2612 paene
417 2528 674 2595 adversariorum
694 2528 896 2596 confessione
910 2530 1121 2596 manifestum

157 2618 220 2680 est:
247 2639 314 2681 non
341 2623 443 2703 agunt
465 2640 536 2684 cum
561 2641 614 2703 ea,
643 2641 724 2704 quae
748 2619 884 2702 optavit.
931 2641 1034 2704 neque
1059 2641 1120 2705 ego

156 2725 227 2768 sum
254 2709 323 2770 tam
353 2707 450 2772 durus
484 2730 521 2773 ac
553 2708 698 2794 demens,
726 2713 763 2773 ut
792 2730 849 2794 pro
879 2709 984 2774 salute
1016 2709 1120 2775 filiam

227 2940 243 2987 2
267 2933 383 2989 deduxit
401 2939 421 2987 B
444 2936 453 3004 ΙΙ
475 2935 516 2990 hii
534 2942 571 3006 Δ,
589 2935 611 2991 11
629 2944 647 2989 0
666 2940 674 3008 ll
695 2944 711 2993 3
731 2938 842 3008 quando
861 2955 916 2993 non
935 2939 1009 3008 Pll4
1027 2940 1069 2995 hii
1087 2946 1121 3009 Δ,

154 3004 175 3058 ii
194 3005 235 3073 ῦΙΙ
254 3010 269 3058 5
288 3022 427 3061 reservem
446 3011 490 3060 Bc
508 3009 517 3077 ΙΙ
536 3014 552 3063 6
571 3009 647 3077 quod
666 3012 706 3079 ⁰l
720 3025 804 3080 quac
827 3027 930 3065 causa
952 3010 1075 3067 mortis
1094 3019 1120 3068 et

153 3075 294 3129 interim
312 3083 335 3130 Δ
353 3079 392 3148 118
412 3079 487 3147 quod
506 3079 597 3134 solum
614 3081 684 3138 null.
703 3086 757 3150 Ac,
777 3081 851 3151 quod
868 3081 937 3136 null.
957 3084 1055 3138 cmimo
1074 3101 1117 3139 so·

153 3147 211 3200 lum
229 3152 250 3200 B
273 3149 283 3219 {l
306 3155 321 3204 9
345 3150 420 3219 quod
439 3154 460 3202 B
482 3152 492 3220 ΙΙ
511 3149 583 3205 nihil
602 3155 693 3222 31111
713 3151 743 3207 id
761 3151 838 3227 (ne)
855 3152 900 3209 Ro
913 3155 922 3224 ΙΙ
938 3160 972 3208 14
990 3155 1119 3224 poenitet

152 3221 201 3300 ill
224 3225 255 3274 17
276 3220 401 3301 raptoris
420 3238 470 3277 om.
490 3227 510 3275 B
532 3225 540 3293 ΙΙ
561 3227 593 3277 18
612 3223 694 3294 potui
711 3227 754 3295 ΒΗ
770 3232 802 3280 19
821 3224 942 3281 hominis
959 3229 1005 3280 Bc
1019 3227 1029 3295 ΙΙ
1042 3227 1118 3295 quod

151 3290 195 3343 1lh
218 3307 333 3346 noxium
356 3299 386 3360 c,
415 3295 487 3363 quod
510 3300 616 3350 mutato
640 3296 814 3352 distinctione
832 3299 921 3353 necaro
940 3315 979 3352 aa
996 3304 1117 3367 receptae

152 3361 262 3418 lectioni
275 3365 488 3432 praeferendam
505 3367 542 3421 cit
556 3368 564 3436 ll
578 3372 612 3421 22
633 3369 714 3421 sanet
727 3373 750 3420 Δ
764 3370 773 3438 ll
786 3368 985 3439 magistratum
1000 3369 1119 3425 seducta

149 3436 178 3501 B,
198 3433 395 3516 magistratum
416 3436 537 3494 deducta
555 3440 645 3510 0126
664 3438 814 3514 (raptori)
833 3441 876 3496 Ro
