2386 3816
341 175 658 234 DECLAMATIONES.
679 176 846 234 CCCXVIII.
1016 178 1080 247 249

115 342 264 409 nobilem
287 341 426 408 faeinori
450 363 509 407 suo
529 341 650 407 exitum
670 340 776 408 daret:
800 342 904 408 iaceat
922 342 957 408 in
976 343 1081 410 turbs.

114 452 272 516 vosoro,
296 431 350 517 qui
374 430 456 496 illud
478 450 608 515 pugnae
632 450 733 514 genus
758 430 948 515 exigebstis,
970 435 1081 497 utrum

113 520 249 587 tandem
267 524 420 587 eventum
438 519 632 604 concepistis
650 519 783 584 animo?
808 520 938 587 visisset
955 520 1081 586 iuvenis

112 631 239 695 senem,
274 610 407 676 visisset
436 609 612 676 sceleratus
633 609 738 693 pium:
766 612 926 693 quantum
948 630 1000 675 res
1022 632 1081 695 pu·

114 699 204 766 bliee
235 699 437 782 detrimenti,
474 701 631 784 quantum
663 697 888 782 lacrimarum,
924 701 1116 782 quantums

112 789 221 855 Iustus
247 789 368 854 emisso
392 787 472 853 duee
495 787 631 854 haberet
653 790 688 852 et
709 786 822 852 fractis
845 787 989 853 militum
1012 788 1081 853 ani-

114 877 179 943 mis
211 881 244 942 et
271 877 426 943 inclinata
449 877 675 960 inposterum
698 874 778 960 spe?
814 896 856 941 en
879 896 956 942 vero
978 875 1081 960 impe·

116 971 210 1033 retor
241 969 341 1032 vester
372 965 545 1032 occidisset
570 965 664 1030 illum
691 964 902 1031 temerarium
933 964 1081 1030 iuvenem

116 1059 151 1121 et
176 1055 380 1122 sceleratum:
409 1054 642 1137 emeretensi,
665 1057 702 1119 ut
724 1053 853 1138 publice
872 1054 1082 1120 commissum

117 1144 328 1229 parricidium
346 1142 531 1209 videretur?
549 1164 617 1208 nen
634 1143 718 1208 irem
736 1143 915 1227 numinum,
932 1163 1000 1209 non
1017 1146 1080 1208 ste·
1102 1161 1135 1211 10

114 1233 275 1299 riIItetem
303 1233 498 1317 morbosque
526 1234 560 1297 et
583 1232 650 1298 elie
672 1231 790 1317 quibus
813 1253 934 1317 magns
957 1233 1079 1298 seelera

117 1322 252 1406 expiari,
265 1323 372 1389 solent
393 1321 606 1388 timeremus?
630 1322 671 1388 sb
694 1320 758 1388 hoe
776 1321 884 1387 omine
902 1321 1081 1387 commisis-

117 1416 169 1477 set
191 1411 339 1478 seiemts

486 1569 710 1638 CCCXVIII.

350 1711 526 1793 Legatum
547 1711 647 1779 inter
670 1712 838 1781 libertos.
1100 1730 1133 1779 15

116 1836 327 1905 Testamento
364 1839 496 1924 quidam
523 1838 670 1905 instituit
696 1837 850 1903 heredem
878 1838 1018 1903 amicum
1047 1843 1080 1904 et

203 1928 300 2012 petiit
323 1927 365 1993 ab
389 1950 437 2011 eo,
461 1931 499 1993 ut
521 1949 561 1992 ex
580 1925 705 1992 duobus
724 1926 859 2011 libertis,
883 1948 964 2012 quos
983 1927 1078 1992 relin-

205 2018 340 2103 quebat,
371 2017 438 2083 utri
460 2015 575 2100 vellet,
602 2014 714 2080 desem
736 2014 829 2081 milia
851 2015 951 2081 daret
997 2038 1080 2082 unus

205 2128 243 2172 ex
270 2106 401 2172 libertis
423 2104 580 2191 peti<i>t,
607 2103 727 2172 iudicio
756 2105 929 2171 contendit.
975 2106 1078 2172 vietus

204 2198 262 2265 est
306 2195 391 2281 petit
413 2194 505 2261 alter.
1099 2195 1134 2261 '20

430 2369 768 2441 DECLAMATIO.

183 2497 272 2575 Quae
295 2497 375 2563 mihi
400 2498 485 2582 iura,
515 2519 612 2582 quem
635 2500 747 2564 vetere
770 2519 842 2564 eum
866 2499 1005 2581 petrono
1029 2518 1081 2562 eo·

109 2610 186 2654 rum
210 2586 341 2672 fuerint,
364 2608 431 2653 non
454 2591 504 2653 est
528 2586 711 2652 dicendum:
733 2586 827 2652 heres
851 2607 931 2651 sum.
966 2589 1082 2670 quent

112 2698 212 2762 opere
240 2676 320 2757 hi[s]
350 2681 427 2760 post
453 2677 641 2742 libertatem
670 2674 898 2759 satisfecerint,
930 2674 1081 2741 videlieet

110 2766 176 2831 hee
195 2765 401 2849 contumelia,
420 2787 484 2850 qus
501 2786 628 2831 meeum
648 2764 841 2848 consistunt,
860 2785 959 2848 aeque
974 2763 1080 2830 mani·
1100 2781 1134 2831 26

111 2855 243 2920 festum.
279 2857 395 2920 neuter
422 2854 508 2938 apud
529 2854 622 2920 illum
645 2853 772 2937 meren,
796 2857 833 2919 ut
855 2853 965 2919 decem
987 2853 1081 2919 milia

116 2944 287 3029 acciperet
311 2964 410 3028 quare
428 2963 505 3030 ergo
519 2944 581 3010 hoe
594 2945 792 3009 testamento
806 2943 900 3026 eavit,
919 2947 956 3009 ut
971 2943 1081 3009 darem

189 3126 203 3175 1
223 3118 313 3175 isetst
331 3123 351 3172 B
369 3122 379 3190 ΙΙ
403 3124 418 3173 2
438 3121 550 3174 utrum
568 3120 614 3188 Au
633 3123 648 3174 5
668 3120 789 3187 quantus
808 3124 832 3172 Δ
849 3120 859 3188 ΙΙ
874 3124 891 3174 8
909 3121 1006 3175 noster
1023 3123 1080 3189 AB,

109 3207 181 3249 corr.
199 3191 245 3247 Ro
258 3191 268 3260 I
283 3196 317 3246 10
334 3190 481 3245 nominum
499 3191 563 3259 Aen
578 3196 681 3245 10-11
702 3189 887 3246 sterelitatem
904 3192 950 3259 ΑΙΙ
965 3195 998 3244 12
1012 3190 1079 3245 hee-

110 3263 253 3319 cemmine
271 3266 321 3329 As,
339 3262 393 3317 hoe
412 3260 526 3316 homine
544 3263 589 3330 ΒΗ
604 3267 709 3317 12-18
728 3261 876 3318 commiset
894 3265 926 3327 Δ,
944 3277 1008 3316 cum
1027 3261 1079 3316 mi·

110 3335 195 3390 sisset
212 3335 257 3404 su
272 3339 305 3388 1‘1
324 3333 454 3416 petitu
468 3335 478 3401 ΙΙ
493 3337 526 3387 18
537 3332 646 3415 decem]
661 3332 687 3388 X
701 3337 732 3400 A,
747 3332 798 3388 XX
811 3337 833 3387 B
846 3335 856 3402 ΙΙ
871 3338 903 3387 19
914 3331 1080 3406 *peti<i>tII

110 3412 154 3530 ut
165 3405 211 3460 his
229 3405 295 3477 post
312 3403 475 3459 libertatem
492 3403 677 3460 satisfecerim
695 3408 755 3475 n,
772 3419 842 3460 cors.
862 3403 905 3459 Re
917 3405 934 3473 I
945 3409 978 3458 tt
998 3420 1086 3458 sees.-

108 3475 139 3531 vi
170 3480 217 3531 Aa,
