2386 3816
166 160 230 226 378
527 157 760 225 eumeniam

164 330 221 389 out
254 323 291 388 in
329 323 474 407 aliquam
510 322 703 386 immensam
740 320 945 386 altitudinem
983 320 1130 385 deiectus

164 411 407 494 tueriteadem
429 412 500 496 lege
525 410 751 492 vindicabitur,
782 430 845 492 qua
868 409 935 492 ille,
958 409 1013 492 qui
1036 408 1128 474 ferro

165 522 336 585 percussus
360 500 412 565 sit.
457 499 559 585 igitur
582 501 615 563 et
639 500 703 563 alia
727 498 854 563 similia.
901 499 954 562 lex
977 497 1016 563 de
1041 519 1131 582 aqua

164 589 283 673 frigida
320 589 444 672 scripta
479 609 545 653 non
583 591 663 653 erat:
700 588 870 651 redeamus
907 607 1039 651 necesse
1076 592 1131 652 est

130 680 232 745 eiam
262 678 303 743 ad
329 699 414 761 eam,
437 698 519 763 quae
544 698 669 741 venena
694 680 839 759 oodrceat,
862 695 936 740 cum
962 697 1047 759 aqua
1072 675 1133 740 fri-

165 767 241 852 gida
264 767 297 831 id
320 765 471 848 effecerit,
495 765 580 850 quod
602 787 770 831 venenum.

231 855 335 939 Haec,
361 858 400 919 ut
425 855 592 919 remittam
619 875 687 919 non
708 854 810 919 fuisse
833 853 897 918 hoc
919 852 1130 917 veneficium:

163 966 249 1010 nunc
270 961 348 1009 vero
373 964 531 1009 venenum
554 943 716 1028 quomodo
740 941 950 1026 interpretari
973 945 1006 1006 et
1027 942 1126 1007 intel-

165 1033 272 1118 legere
291 1031 486 1117 possumus‘?
510 1035 546 1097 ut
564 1032 688 1117 opinor,
710 1032 877 1116 potionem
897 1031 1012 1095 mortis
1028 1051 1130 1095 causa

112 1140 146 1189 10
164 1122 283 1187 datam.
329 1143 395 1187 non
418 1122 584 1205 quaeritur
607 1121 713 1205 qualis
737 1120 789 1203 sit,
815 1120 871 1184 sed
895 1119 971 1204 quid
996 1118 1128 1185 efficiat

164 1234 240 1276 nam
267 1211 411 1295 ipsorum
439 1231 635 1275 venenorum
662 1211 757 1294 plura
786 1229 917 1294 genera,
945 1208 1042 1292 plura
1069 1229 1129 1274 no·

165 1301 253 1364 mina
271 1304 360 1383 sunt,
380 1298 500 1364 diversi
519 1290 617 1364 etiam
633 1297 773 1363 effectus.
803 1298 891 1362 aliud
906 1319 945 1361 ex
958 1296 1126 1363 radicibus

164 1387 338 1452 herbarum
366 1387 580 1472 contrahitur,
608 1387 695 1452 aliud
724 1409 763 1451 ex
787 1386 984 1452 animalibus
1008 1387 1125 1452 morti·

163 1474 241 1540 feris
256 1479 453 1560 reservatur;
472 1479 548 1540 sunt
563 1497 646 1560 quae
661 1476 782 1561 frigore
797 1476 987 1561 sanguinem
1003 1476 1128 1561 gelent,

113 1583 145 1632 lo
165 1566 241 1628 sunt
255 1586 337 1648 quae
352 1566 458 1629 calore
476 1564 577 1630 nimio
594 1563 709 1630 vitalia
723 1567 872 1629 exurant:
891 1565 1001 1630 omnia
1014 1568 1128 1629 tamen

165 1653 244 1718 haec
268 1654 328 1718 sub
351 1675 450 1718 unam
472 1653 580 1738 legem
605 1653 750 1736 veneficii
769 1653 911 1720 veniunt
944 1654 1024 1737 quin
1042 1653 1128 1717 illud

165 1742 263 1807 etiam
285 1742 320 1806 in
341 1763 450 1807 rerum
469 1746 588 1808 natura
606 1741 815 1808 manifestum
835 1746 931 1826 atque
951 1742 1131 1826 deprehen·

166 1853 237 1895 sum
257 1834 315 1915 est,
340 1831 405 1896 alia
424 1853 494 1896 esse
513 1832 587 1897 aliis
605 1853 739 1897 venena.
770 1831 937 1916 quaedam,
956 1831 1129 1897 mortifera

164 1919 273 2005 nobis,
306 1920 405 1985 etiam
432 1921 466 1984 in
493 1921 669 1986 remedium
698 1920 898 2005 quorundam
934 1920 1130 1985 animalium

110 2026 145 2075 2ο
165 2008 294 2092 cedunt,
318 2007 484 2093 quaedam,
508 2009 643 2095 quaein
660 2009 846 2093 voluptates
866 2008 966 2074 etiam
986 2012 1019 2074 et
1032 2009 1127 2073 luxu·

163 2097 247 2161 riam
271 2096 476 2181 adhibentur,
504 2098 617 2164 multis
646 2097 840 2164 animalibus
864 2097 1015 2163 adferunt
1038 2120 1129 2162 mor-

163 2188 239 2250 tem.
286 2185 401 2249 similis
428 2186 514 2251 ratio
546 2190 579 2252 et
599 2186 817 2252 remediorum
841 2191 899 2251 est
945 2208 1001 2252 cur
1024 2186 1128 2271 igitur

162 2295 230 2339 non
252 2273 296 2338 sit
319 2273 501 2338 differentia
519 2276 555 2340 ia
572 2296 695 2342 veneno
715 2277 815 2342 etiam
834 2275 1017 2359 temporis?
1043 2275 1129 2341 nihil

163 2363 309 2446 interest,
333 2361 410 2447 quid
433 2362 533 2428 faciat
556 2364 652 2430 alias:
674 2386 761 2430 nunc
779 2387 936 2430 venenum
957 2368 1016 2429 est.
1047 2386 1128 2448 quo·

110 2469 145 2518 ab
165 2451 258 2516 modo
284 2451 369 2516 enim
393 2453 596 2536 comprobare
617 2453 682 2518 ista
700 2453 895 2537 possumus?
919 2456 994 2519 ante
1013 2454 1126 2518 omnia

164 2541 271 2605 animo
295 2540 412 2625 dantis,
435 2541 548 2607 deinde
572 2541 694 2606 effectu.
737 2543 863 2608 animus
887 2542 995 2607 dantis
1018 2543 1126 2626 qualis

162 2627 269 2709 fuerit,
292 2649 365 2694 moa
381 2630 608 2712 probabimus:
630 2630 761 2695 interim
784 2632 823 2695 de
846 2631 962 2696 effectu
986 2635 1128 2697 constat.

142 2718 261 2823 §vultis
286 2718 480 2783 aestimare?
506 2741 560 2782 -ε
593 2718 674 2784 adeo
699 2723 822 2784 certum
845 2720 921 2803 fuit,
947 2719 1010 2784 hoc
1032 2741 1129 2785 vene

237 2881 250 2929 1
272 2876 294 2928 si
313 2879 371 2943 ΔΒ,
390 2876 459 2931 corr.
479 2876 576 2945 11013
595 2874 677 2949 (sic)
691 2875 778 2945 igitur
791 2876 836 2930 Ro
849 2878 858 2947 11
873 2875 972 2931 similis
990 2879 1065 2947 316
1083 2879 1127 2934 ta·

163 2962 229 3001 men
247 2950 283 3014 Δ,
301 2947 362 2999 tam
379 2951 413 3012 2,
431 2963 501 3003 corr.
520 2948 565 3003 Ro
577 2949 587 3014 11
599 2950 720 3003 noceant
746 2951 804 3015 n,
823 2963 890 3002 corr.
911 2949 969 3003 Aer
986 2951 996 3017 1
1014 2955 1030 3003 6
1049 2948 1129 3003 idem

164 3020 208 3072 est
224 3017 326 3072 fecerit
341 3021 375 3083 B,
393 3018 470 3072 idem
488 3021 517 3072 et
534 3019 552 3074 f.
572 3020 644 3088 2117
663 3018 778 3074 fuissem
795 3021 871 3089 218
894 3036 995 3075 venum
1013 3021 1079 3090 Δι1
1095 3025 1127 3074 11

164 3095 233 3143 -12
253 3089 319 3144 οιῒιο
338 3093 358 3141 1²
375 3091 385 3158 1
409 3093 442 3142 lb
461 3088 572 3160 vitalia]
592 3090 755 3158 sanguinem
773 3091 933 3160 Blemrit
951 3093 1130 3160 2116ῳιὶἀ

163 3165 183 3213 1²
206 3161 215 3229 11
240 3166 272 3215 19
296 3161 326 3215 in
349 3177 398 3216 oca
421 3161 525 3228 11120
546 3174 650 3228 quaeq:
669 3164 700 3215 in
717 3161 808 3231 2121
829 3159 927 3216 afferre
945 3166 965 3214 B
980 3163 1037 3232 1122
1062 3180 1129 3217 cum

162 3233 254 3302 21123
274 3249 338 3286 cum
355 3235 413 3298 n,
437 3247 505 3285 corr.
520 3231 564 3285 Ro
578 3237 603 3285 et
616 3231 668 3299 aa
686 3233 733 3287 sed
750 3233 785 3299 cf.
805 3235 869 3300 304,
888 3238 926 3288 21
940 3235 950 3304 1
964 3239 998 3289 24
1017 3234 1067 3302 qui
1085 3235 1130 3311 Δ11

163 3308 197 3356 26
221 3318 384 3373 comparare
407 3305 469 3370 AB,
492 3301 622 3358 corallo
644 3304 654 3374 11
676 3306 750 3356 anB
773 3304 784 3373 1
806 3309 839 3358 27
863 3319 921 3358 non
943 3305 1129 3374 probavimus

163 3376 234 3500 *dib
248 3391 305 3428 non
328 3372 510 3444 probabimus
528 3379 561 3440 1³,
589 3391 657 3429 corr.
678 3374 719 3429 Gr
741 3376 751 3445 1
773 3378 807 3428 28
827 3374 986 3432 existimare
1005 3381 1026 3430 B
1044 3378 1055 3446 1
1072 3377 1130 3434 fiat

154 3461 187 3499 ce
235 3463 263 3499 m
282 3449 306 3500 Β
