2386 3816
177 141 221 210 52
543 139 773 208 oumrrmarir
863 192 865 196 ,

177 309 214 372 ut
235 305 400 371 beneficiis
424 305 633 371 vinceremur.
664 304 719 370 sed
741 323 847 390 neque
865 303 902 370 in
920 322 972 368 me
990 301 1048 367 ille
1066 320 1146 386 pro-

177 395 270 461 bavit
293 394 390 477 aliud,
414 416 512 478 quam
534 395 699 479 pietatem.
748 391 830 458 vidit
852 391 948 459 fletus
972 412 1073 474 meos,
1097 389 1145 456 vi·

178 482 227 548 dit
247 484 351 549 totius
375 483 475 549 animi
500 486 598 568 atque
620 482 721 548 etiam
744 481 890 566 corporis
912 479 1144 548 defectionem:

180 572 226 638 sic
248 572 388 656 homini,
414 573 500 637 inter
521 572 683 657 principes
706 575 837 638 nostrae
861 570 1006 636 civitatis
1028 589 1144 635 nume·

144 660 292 744 orando,
315 661 408 746 coepi
430 661 517 727 bona
540 683 611 726 esse
634 660 792 727 condicio.

145 785 147 789 ·
244 748 359 834 Itaque
399 750 556 835 intellego
593 749 688 833 mihi,
728 749 863 832 iudices,
903 769 972 813 non
1007 747 1043 812 in
1079 747 1145 813 hoc

179 841 308 904 tantum
336 839 564 923 laborandum,
596 843 633 904 ut
660 839 744 904 iram
775 837 880 922 patris
911 837 1073 924 mitigem,
1107 839 1146 902 ut

178 928 311 993 leniam:
338 928 420 993 illud
442 932 493 993 est
515 927 658 1013 partium
681 948 837 1010 mearum,
865 926 948 991 illud
971 925 1065 991 vobis
1091 925 1147 990 ad·

178 1016 294 1083 hibitis
317 1037 408 1102 rogo,
433 1018 469 1082 in
492 1017 632 1102 gratiam
654 1017 734 1082 velit
756 1014 860 1081 redire
882 1015 949 1081 iam
972 1036 1045 1081 cum
1067 1035 1146 1099 pro·

127 1121 161 1169 10
179 1105 300 1190 pinque
324 1109 412 1192 meo',
443 1127 516 1172 cum
540 1106 744 1190 redemptore
767 1125 836 1170 suo.
860 1125 947 1170 *non
969 1103 1057 1169 enim
1079 1104 1146 1169 iac·

178 1194 258 1261 tabo
281 1217 387 1262 meam
406 1196 575 1281 pietatem:
598 1195 685 1260 illius
709 1215 790 1278 opus
814 1197 875 1278 ost,
898 1193 984 1278 quod
1007 1191 1143 1258 redemi.

565 1369 755 1439 CCLVIII.

273 1497 275 1500 ⁴
361 1493 486 1562 Fortis
509 1494 704 1562 contumax
727 1494 824 1580 patri
847 1492 951 1562 lorti.

180 1617 217 1684 Si
235 1636 308 1686 nuo
328 1636 396 1685 aar
415 1637 548 1686 Paucas
567 1636 745 1686 FORTITER
763 1636 949 1701 secamur,
971 1637 1019 1685 Dii
1037 1636 1145 1686 PRAE-

128 1724 161 1773 15
269 1724 334 1774 isso
361 1726 466 1775 sarus
498 1727 746 1776 comprecaris.
791 1728 852 1775 vni
878 1725 1002 1775 roario
1031 1726 1145 1775 orirer

270 1814 367 1876 Quor)
390 1815 515 1865 vocar.
549 1797 649 1865 Pater
671 1803 705 1864 ot
726 1798 814 1864 filius
837 1798 968 1864 fortiter
989 1797 1146 1865 fecerunt

269 1887 408 1974 peti<i>t
430 1891 525 1972 pater
548 1910 567 1953 a
590 1887 669 1970 filio,
692 1891 730 1953 ut
752 1887 880 1953 eederet
903 1887 966 1953 sibi
983 1888 1146 1976 praemi03

269 1998 336 2043 non
358 1977 561 2061 impetravit:
584 1977 682 2043 cessit
703 1976 774 2062 ipse
799 1980 832 2042 et
855 1976 994 2043 abdicat.

491 2151 832 2220 DECLAMATIO.

127 2291 163 2344 20
248 2274 390 2342 Etiamsi
421 2276 619 2343 dissimulari
650 2281 777 2363 posset,
813 2301 896 2364 quae
928 2300 1026 2345 eausa
1058 2284 1147 2366 patri

181 2366 307 2449 fuisset,
329 2366 438 2452 ipsum
460 2369 572 2432 tamen
594 2365 657 2432 hoo
681 2367 885 2434 abdicatione
909 2368 1045 2455 dignum
1065 2374 1146 2457 erat,

123 2463 134 2496 ·'
182 2455 304 2540 aliquid
326 2456 452 2541 petenti
474 2476 620 2541 negasse.
662 2460 818 2541 quantum
841 2457 927 2522 enim
950 2458 1033 2524 mihi
1054 2482 1146 2544 prae

183 2548 270 2610 stare
292 2547 432 2629 poterat,
457 2548 496 2610 ut
517 2544 611 2631 paria
633 2545 803 2611 redderet?
838 2568 905 2612 non
928 2548 994 2612 iam
1016 2549 1144 2634 imputo

180 2633 238 2697 illa
261 2632 418 2718 vulgaria,
439 2632 546 2699 lucem
565 2637 598 2698 et
615 2633 665 2699 ius
684 2634 850 2702 libertatis
874 2639 907 2700 et
928 2658 1024 2702 usum
1046 2639 1145 2708 vitae.

128 2736 162 2786 25
181 2722 243 2786 hoc
271 2722 411 2806 imputo:
445 2722 531 2808 quod
558 2722 687 2794 fortiter
713 2723 832 2809 fecisti,
863 2726 991 2792 roboris
1019 2732 1052 2794 et
1076 2750 1146 2795 cor-

175 2811 271 2896 poris
293 2812 370 2890 mei,
393 2832 502 2876 meum
524 2816 587 2878 eat:
612 2812 738 2878 animus
761 2812 823 2879 iste
847 2815 887 2880 ad
911 2818 1147 2884 contemnenda

181 2900 326 2985 pericula
346 2903 480 2985 paratus
500 2923 538 2966 ex
553 2923 626 2967 meo
639 2900 742 2968 fluxit.
770 2922 831 2988 ego
845 2907 879 2969 te
893 2903 947 2969 diu
961 2909 1143 2992 praeceptis

181 2988 244 3054 feci
266 2989 371 3063 virum
394 2988 521 3076 fortem,
543 2991 689 3076 proxime
712 2991 840 3076 quidem
864 2995 963 3059 etiam
987 2998 1143 3082 exemplo,

175 3121 177 3125 Α
252 3151 270 3200 4
288 3146 417 3230 homines
435 3149 510 3218 1116
529 3145 606 3232 oepit
624 3152 698 3232 1118
717 3150 840 3220 legulam
861 3155 924 3224 Δι1
939 3157 972 3208 16
991 3154 1022 3213 et
1040 3157 1068 3210 at
1086 3160 1143 3208 B-

180 3218 223 3287 Ρ11
239 3221 271 3273 17
290 3216 432 3291 ‘pet1<1>t
452 3222 462 3289 11
486 3223 727 3290 181mperav1tA
749 3221 759 3292 l
782 3227 816 3276 22
834 3225 950 3292 petente
967 3229 988 3281 B
1007 3228 1016 3297 11
1035 3231 1070 3281 26
1089 3228 1143 3283 hoo

181 3288 234 3344 hoc
253 3294 277 3341 Δ
289 3291 299 3360 11
313 3288 370 3345 rob.
390 3292 423 3345 ut
441 3305 516 3361 corp.
535 3296 576 3344 Δι
593 3294 603 3363 11
625 3297 731 3349 26-2‘1
750 3294 810 3351 rob.
828 3293 914 3369 (est)
932 3299 961 3352 et
979 3313 1056 3368 corp.
1075 3299 1144 3367 mei;

175 3375 261 3415 ¹mous
285 3363 329 3417 est
352 3362 461 3417 animus
479 3363 532 3418 iste
552 3380 576 3418 a.
598 3366 816 3435 apparatus:
844 3382 879 3422 ex
896 3386 932 3423 rn.
952 3368 978 3424 fl.
998 3368 1043 3425 Ro
1070 3373 1080 3442 1
1108 3377 1142 3427 26

178 3432 369 3489 contortecda
384 3439 407 3487 P
