2386 3816
280 164 600 223 DECLAMATIONES.
620 165 811 223 cccxxvlu.
927 169 928 173 ’
965 168 1030 235 291

62 352 118 416 eo,
151 350 248 414 quem
281 333 430 394 cruentas
463 351 578 395 manus
610 329 730 396 habere
764 330 917 396 sciebam.
970 332 1033 397 erit

59 439 144 575 ἓέο
159 418 256 573 'adtio
285 439 354 572 noll
382 418 548 572 dlartnnatio
576 417 641 484 ista
669 418 729 483 filii
755 419 833 504 mei,
862 423 900 485 ut
926 421 1033 506 possit

120 529 208 573 erre
237 529 290 572 em
313 529 333 571 a
357 528 394 572 so
408 529 431 571 u
459 528 487 572 ο.

131 595 223 662 Haec
245 614 308 680 ego
327 595 366 660 de
385 617 483 662 eausa
501 594 572 661 dieo
591 595 708 680 ipsius:
732 596 929 680 permittetis
948 597 1031 662 mihi

62 685 100 751 in
135 707 261 750 summa
292 687 387 769 parte
421 705 537 749 causeo
569 684 619 750 uti
652 685 752 750 etiam
778 706 920 769 persona
948 701 1066 752 meat

63 796 127 861 ego
152 774 266 858 istum,
290 773 318 838 si
341 774 444 838 filium
466 794 575 838 meum
598 774 780 859 occidisset,
803 773 1031 840 defenderem?

66 863 199 948 qualem
222 883 274 926 me
296 866 425 946 patrem
447 860 621 927 iudicetis?
645 884 806 947 asperum:
832 866 865 928 et
888 882 947 948 ego
971 883 1031 946 pro

65 951 137 1016 filio
157 950 321 1016 mentiar?
345 951 466 1029 mitem,
483 950 720 1036 indulgentem:
745 955 778 1015 et
797 970 858 1036 ego
877 973 944 1017 non
962 950 1031 1016 vin-

66 1039 181 1106 dicabo
209 1039 317 1123 illum,
345 1039 401 1122 qui
429 1038 552 1104 occisus
582 1040 653 1104 est?
699 1040 784 1104 inter
806 1039 928 1104 liberos
950 1039 1031 1104 haee

65 1151 133 1194 una
156 1126 338 1193 differentia
362 1131 411 1192 est
435 1128 520 1211 apud
543 1128 687 1193 animum
705 1128 819 1213 patria,
843 1128 929 1212 quod
949 1149 1030 1193 sem·
1051 1144 1084 1194 1ο

64 1239 123 1303 per
144 1218 299 1282 maiorem
322 1217 430 1282 locum
452 1216 554 1281 habet
575 1217 616 1301 is,
637 1217 727 1281 errius
751 1217 949 1283 miseremur.
975 1237 1030 1282 ne·

66 1327 129 1392 que
151 1305 205 1371 hie
228 1327 307 1371 sane
329 1308 505 1388 meruerat,
531 1309 569 1371 ut
597 1327 616 1370 a
638 1327 690 1370 me
713 1306 780 1371 nisi
799 1306 952 1372 innocens
977 1303 1031 1370 de-

66 1393 266 1462 fenderetur:
289 1416 382 1459 reum
400 1416 453 1458 me
472 1393 598 1474 detulit,
622 1394 734 1460 sordes
752 1395 833 1460 mihi
851 1395 967 1479 induit,
990 1393 1032 1459 ad
1077 1440 1081 1480 3

66 1482 206 1549 iudicem
229 1483 366 1549 vocavit.
403 1483 522 1548 sentiet
544 1482 608 1547 hoe
631 1483 728 1568 quale
752 1484 809 1568 sit,
833 1505 906 1549 eum
928 1486 1031 1548 testa-

67 1574 213 1637 mentum
229 1572 384 1655 scribam3
402 1570 531 1655 sentiet,
549 1592 622 1636 cum
641 1572 777 1637 tristitia
790 1572 1031 1658 indulgentiam
1051 1587 1084 1637 15

66 1683 173 1726 meem
201 1661 353 1744 requiret.
395 1659 472 1747 quid
495 1662 546 1724 est
569 1660 670 1745 ergo?
707 1662 841 1726 mentiri
863 1683 904 1725 ne
926 1661 1030 1726 iratus

66 1748 196 1835 quidem
218 1770 367 1833 possum:
390 1752 441 1814 est
462 1748 548 1813 filius
573 1752 758 1832 contumax,
782 1753 832 1814 est
854 1749 959 1833 patris
979 1749 1031 1814 sui

64 1840 242 1921 aecusator,
266 1837 322 1903 sed
339 1837 475 1902 fratrem
492 1858 560 1901 non
579 1836 705 1902 oceidit.
726 1858 831 1923 neque
851 1857 911 1922 ego
930 1838 1031 1902 istum

63 1927 99 1992 in
117 1925 186 1992 ulla
203 1927 269 1992 alia
287 1929 381 2012 parte
402 1923 637 1991 absolvendum
655 1927 745 2011 puto,
763 1944 823 1990 nea
840 1924 942 1990 hodie
955 1924 1031 1988 veni

61 2016 98 2081 in
119 2015 184 2081 hoe
206 2014 370 2100 iudicium,
391 2017 559 2099 tamquam
579 2012 765 2080 advocatur.
793 2013 876 2079 nihil
894 2013 1029 2098 rogabo,
1049 2030 1084 2102 aa

62 2103 147 2172 nihil
166 2104 377 2188 deprecabor:
401 2102 483 2168 illud
501 2105 631 2168 tantum
649 2124 741 2168 meae
759 2100 893 2187 pietatis
914 2101 1031 2188 gratia,
1077 2127 1081 2134 ·

61 2213 153 2259 meae
174 2195 304 2258 tantum
328 2191 546 2258 eonscientiae
570 2213 669 2258 eausa
692 2191 828 2279 fariam,
853 2213 895 2258 ne
918 2189 1030 2257 videar

61 2282 161 2349 istum
185 2281 316 2349 silentio
339 2281 507 2368 pressisse.

403 2501 405 2504 ’
455 2490 629 2559 SERMO.

129 2633 180 2700 Ne
200 2657 296 2721 quem
314 2639 460 2700 vestrum
479 2633 576 2700 ducat
594 2634 654 2698 illa
673 2633 807 2718 speeies,
824 2635 862 2698 ut
879 2630 1029 2699 videatur
1047 2649 1082 2700 25

60 2723 116 2790 hie
145 2745 215 2790 esse
244 2724 368 2809 aliquid
396 2722 555 2789 momenti
582 2721 755 2788 habiturus
784 2721 869 2807 apud
897 2721 1029 2807 iudices,

65 2918 332 3045 quodercespondere
360 2918 420 2972 tam
442 2915 548 2973 furioso
570 2915 702 2972 nolebam
725 2913 762 2985 (2)
790 2931 876 2984 quam
905 2914 1029 2972 sivive·

63 3006 122 3047 rem
188 3030 193 3042 .

132 3101 149 3149 1
178 3095 248 3151 adeo
271 3111 327 3150 non
349 3110 407 3150 non
431 3093 575 3150 damnatio
601 3098 688 3146 B-l’
710 3094 722 3163 1
744 3098 763 3146 4
784 3091 873 3162 ipsius
896 3091 1028 3162 (11101111

60 3164 233 3238 promittetis
251 3170 272 3218 B
290 3166 300 3235 1
321 3170 337 3220 5
356 3167 450 3235 1111111
468 3172 484 3221 8
502 3163 605 3220 metiar
622 3169 646 3220 A
664 3165 674 3234 l
691 3162 823 3219 indicabo
841 3167 876 3232 B,
894 3162 1028 3218 iudicabo

60 3243 79 3291 1²
101 3239 111 3308 11
136 3243 170 3292 10
189 3254 246 3294 una
264 3235 435 3293 adtroversia
454 3238 534 3291 estl’
555 3237 566 3306 1
589 3242 622 3291 13
647 3234 792 3291 detulit
814 3236 860 3304 Al
881 3239 913 3288 15
939 3233 1028 3289 tristi-

60 3309 130 3365 tiam
148 3306 385 3379 Alindnlgentia
402 3308 445 3376 Pu
465 3313 498 3362 16
518 3306 587 3374 quid
605 3322 672 3376 ergo
691 3311 732 3358 Ae
750 3308 760 3375 1
779 3305 898 3361 mentire
917 3310 941 3358 A
960 3305 970 3374 l
994 3310 1027 3361 18

61 3395 113 3451 ego
132 3397 183 3438 ona
202 3385 226 3433 A
245 3380 256 3449 11
276 3380 381 3435 iustum
403 3383 426 3430 A
440 3381 449 3449 11
465 3383 497 3433 18
520 3377 599 3432 nulla
621 3381 641 3429 B
664 3379 675 3446 11
697 3381 730 3432 11
754 3377 891 3446 precabor
913 3382 937 3430 A
959 3377 1029 3445 111

60 3451 234 3508 eomeientia
251 3456 274 3503 A
294 3452 306 3520 1
328 3456 363 3506 13
379 3451 498 3520 periisse
516 3452 538 3503 B
556 3451 619 3522 115
637 3448 772 3507 nostrum
784 3452 812 3502 1

831 3537 891 3596 lt*
