2386 3816
154 135 220 200 244
521 130 751 223 QUINTILIANI

150 300 278 381 bemus,
310 318 391 381 quae
419 298 673 381 praecesserunt.
719 293 797 379 quid
824 293 912 360 aliud
939 294 1123 378 praecessit

151 382 1125 485 <quam>mollrsrnv1d1ulergocnmadprobaverimus‚non

149 497 215 541 uno
237 475 326 541 facto
349 474 544 541 dementiam
567 494 639 539 csse
662 472 929 553 convincendam,
952 472 1124 537 veniemus

117 564 193 716 5ad
213 564 360 630 ordinem
378 563 585 629 defensionis.
614 566 688 627 ante
708 566 761 628 act
762 583 800 626 aa
746 561 910 643 tritae
933 561 1019 628 ratio
1043 583 1125 629 con·

155 656 229 719 stet.
256 655 319 719 hoc
337 674 403 718 non
420 655 629 738 proptereat
614 654 744 716 tantum
762 638 933 716 dicendum
952 654 1013 734 est,
1036 650 1127 736 qnod

117 666 198 808 5sic
217 741 345 807 defendi
368 763 441 807 reus
464 744 589 826 potest,
612 739 670 805 sed
693 741 793 805 etiam
816 739 903 824 quod
926 739 1049 805 invidia
1074 761 1125 804 re-

151 831 200 897 dit
223 830 264 896 ad
287 835 517 897 accusatorem.
549 831 668 914 omnia,
692 851 773 915 quae
796 851 856 914 pro
881 850 915 894 se
933 828 1064 913 dixerit,
1089 831 1124 893 in

151 921 254 986 filium
278 921 372 986 dicet.

464 1093 805 1164 DECLAMATIO.

101 1238 135 1287 ro
222 1219 307 1296 Quid
329 1221 393 1286 feci
416 1220 604 1286 dementer?
630 1220 756 1286 iuvenis
778 1218 951 1305 frugaliter
963 1217 1041 1300 vixi,
1066 1241 1123 1304 pa·

151 1309 341 1374 trimonium
369 1309 458 1393 auxi,
484 1331 619 1375 uxorem
647 1309 732 1394 duxi,
755 1308 860 1373 filium
883 1307 1008 1392 sustuli,
1032 1307 1122 1374 hunc

153 1419 238 1463 amo.
286 1397 416 1484 ‚‚Flens,
442 1399 562 1484 inquit,
590 1420 642 1463 me
669 1419 727 1483 per
752 1397 921 1483 publicum
949 1398 1125 1482 sequeris.“

151 1486 310 1552 Poterant
341 1486 408 1552 ista
439 1491 471 1551 et
498 1491 650 1571 separata
678 1487 806 1552 defendi
837 1523 875 1532 -
912 1506 989 1551 nam
1015 1507 1123 1572 neque

154 1575 364 1642 admirationi
377 1575 524 1662 profecto
543 1576 692 1660 cuiquam
712 1575 902 1642 mortalium
916 1578 1012 1659 esset,
1031 1576 1122 1660 quod

101 1681 134 1732 15
152 1668 245 1749 pater
266 1665 370 1730 filium
394 1687 545 1751 sequerer
567 1669 600 1732 ct
624 1668 791 1750 separatae
815 1665 857 1730 ab
881 1663 944 1730 hoc
962 1664 1121 1730 lacrimae

152 1756 306 1839 poterant
327 1753 430 1820 videri
452 1776 519 1820 non
541 1754 583 1820 ad
600 1757 634 1819 te
652 1755 815 1840 pertinere
830 1778 889 1819 -ι
913 1753 1030 1818 sedne
1049 1754 1122 1819 nlla

153 1847 224 1908 arte
243 1844 405 1930 suffugere
423 1845 547 1910 crimen
566 1844 765 1910 accusatoris
785 1843 849 1908 mci
866 1842 987 1927 videar,
1010 1845 1122 1908 totum

152 1931 224 2016 hoc,
248 1933 333 2018 quod
347 1933 497 2018 obicitur,
518 1933 662 2020 iungam.
694 1934 847 1998 lacrimae
862 1936 939 1998 sunt
957 1931 992 1997 in
1016 1932 1123 2017 culpa.

152 2020 215 2086 fleo
239 2021 379 2087 fortasse
402 2044 615 2107 supervacua:
639 2023 685 2089 sic
708 2044 759 2087 me
783 2020 984 2088 consolaris?
1008 2021 1056 2086 sic
1075 2022 1123 2087 la-

101 2128 136 2178 20
155 2109 274 2176 crimes
297 2111 403 2196 patris
426 2112 476 2177 tui
500 2111 624 2178 siccas?
647 2110 789 2177 fiendum
808 2110 889 2176 mihi
906 2109 1003 2176 hodie
1024 2109 1123 2195 foret,

155 2199 284 2264 etiamsi
305 2199 368 2265 hoc
392 2203 489 2265 antea
511 2223 578 2266 non
599 2200 757 2267 fecissem.

552 2375 728 2444 snRMO.

220 2500 306 2569 Nolo
340 2504 512 2589 quisquam
539 2524 591 2568 me
618 2501 847 2587 reprehendat,
873 2506 1043 2588 tamquam
1067 2525 1125 2570 vo-

154 2591 205 2656 bis
237 2593 327 2658 locos
359 2614 426 2659 non
458 2592 540 2658 dem.
594 2591 623 2657 si
655 2592 812 2676 ampliare
849 2590 1125 2659 declamationem

101 2698 136 2749 25
155 2679 271 2747 voletis
295 2686 327 2747 et
349 2682 517 2768 ingenium
541 2701 702 2763 exercere,
729 2680 842 2746 dicetis
866 2680 960 2766 ‘quod
982 2681 1025 2747 ad
1047 2703 1124 2749 cau·

155 2789 227 2834 sam
253 2769 349 2835 huius
378 2772 468 2837 nullo
495 2770 606 2856 modo,
639 2769 680 2836 ad
712 2769 958 2837 delectationem
992 2771 1124 2837 aurium

154 2856 221 2923 fort
207 2861 293 2924 tasso
317 2861 488 2943 pertineat.

229 3050 941 3127 1<quam>Aer11trimomwBtllperB
957 3059 1077 3125 laseps
1078 3072 1126 3110 ra·

126 3181 129 3184 ,
154 3125 207 3181 tim
225 3127 270 3208 ”l
290 3131 323 3180 16
330 3126 471 3208 poteram
489 3129 539 3178 ΑΒ
553 3125 563 3192 ΙΙ
576 3123 626 3179 scd
643 3124 723 3179 nulla
738 3129 793 3177 B
796 3125 839 3193 ΡΙΙ
855 3129 887 3179 19
907 3056 1077 3181 crinsulares
1082 3127 1119 3231 A,

154 3201 189 3252 21
209 3196 296 3253 etiam
314 3196 355 3252 sic
373 3201 415 3251 Aa
431 3199 441 3266 ss
459 3201 494 3252 24
513 3195 538 3251 si
555 3211 606 3252 om
625 3198 727 3266 ³l25
746 3195 843 3251 volens
861 3198 905 3266 Bu
923 3195 1044 3252 diaeum
1063 3202 1118 3270 Ab

156 3273 190 3324 27
210 3267 373 3338 pertinet?
