2386 3816
146 127 213 193 168·
511 124 743 193 QUINTILIANI

455 321 796 392 DEOLAMATIO.
1026 416 1034 431 ‚

210 449 389 536 Coeperam
408 449 583 535 gratulari:
605 469 688 534 ecee,
704 449 823 514 iterum
842 449 1018 516 sollicitor:
1041 450 1108 517 iam

141 541 293 606 irascitur
315 543 418 624 pater.
455 539 542 626 quod
565 538 605 604 ad
627 560 681 605 me
704 537 854 623 pertinet,
876 560 946 606 non
969 539 1035 606 alia
1057 562 1109 606 ra·

140 629 235 696 tione
254 628 451 715 contradico,
473 649 571 712 quam
592 648 634 694 ne
657 631 750 712 pater
773 626 862 694 domi
882 628 953 693 aine
971 629 1108 696 custode

105 719 194 787 usit.
238 740 305 784 non
337 717 434 783 aliter
460 717 571 803 itaque
599 715 686 782 banc
708 736 841 782 eausam
865 737 977 804 agam,
1009 740 1108 804 quam

138 808 286 892 proxime
323 806 394 893 egi,
435 807 565 872 etiamsi
606 805 643 871 in
679 805 739 871 illa
773 805 886 873 nocuit
921 809 1105 874 moderatio.

139 897 194 963 diu
222 916 283 982 ego
311 895 373 962 tuli
395 895 613 962 valetudinem
637 894 758 980 patris,
785 893 979 962 deuectam
1003 898 1107 963 mani·

137 985 223 1051 festa
251 988 351 1067 esset,
383 988 421 1050 ut
453 984 643 1051 damnarem
674 983 775 1050 etiam
803 983 935 1050 invitus.
979 985 1107 1052 tradita

137 1080 188 1142 est
211 1074 336 1141 curatio
359 1073 452 1140 mihi.
483 1096 582 1159 quam
605 1072 781 1158 diligenter
802 1073 866 1140 hoc
889 1073 1027 1161 egerim,
1051 1097 1103 1141 ae-

85 1179 119 1229 10
138 1164 285 1230 stimate:
323 1163 453 1230 ridetur
481 1163 536 1230 hie
565 1183 638 1229 esse
668 1165 812 1228 sanatus.
856 1183 917 1228 nec
947 1163 1105 1248 <tamen>

34 1296 37 1299 -
135 1253 215 1318 illud
238 1256 464 1339 argumentum
487 1250 637 1318 sanitatis
655 1253 719 1336 est,
742 1250 830 1338 qnod
846 1250 1104 1354 rupit-vincula:

134 1363 230 1514 itt?
239 1339 920 1517 ttttttrtbttttgttt}
932 1345 1102 1498 batt

134 1519 223 1584 visus
247 1522 298 1584 est
321 1540 429 1586 sanus.
793 1570 796 1575 .

81 1623 114 1672 15
201 1606 285 1684 Quid
304 1607 429 1673 obicis?
450 1606 577 1694 „egisti
598 1608 715 1693 inquit,
737 1629 864 1674 mecum
887 1606 1099 1675 dementiaa“

133 1694 253 1762 Sinon
271 1696 457 1782 tenuissem,
474 1700 585 1762 tamen
601 1697 746 1763 licuerat
779 1697 891 1763 datum
905 1699 957 1763 est
969 1696 1032 1764 hoc
1043 1698 1098 1765 ius

132 1789 246 1852 contra
265 1791 400 1871 petrem.
423 1786 634 1872 legumlator
647 1787 817 1871 prospexit
830 1787 1004 1852 senectuti:
1022 1786 1099 1855 ideo

131 1875 326 1942 medicinam
353 1875 430 1941 filiis
460 1874 641 1960 imperavit.
692 1897 765 1942 oum
795 1897 871 1942 vero
903 1876 1096 1959 sanaverim,

130 1968 276 2048 poteram
303 1965 405 2030 videri
437 1965 580 2049 impius,
603 1963 680 2029 nisi-
700 1963 899 2030 detulissem.
943 1987 1012 2031 non
1045 1977 1099 2031 est

77 2068 111 2117 2ο
129 2053 333 2137 indulgentia
359 2053 550 2137 permittere
578 2052 642 2119 sibi
664 2051 817 2118 furorem.
863 2051 927 2120 Sed
950 2053 1093 2140 alligavi.

129 2140 190 2205 hoc
214 2141 242 2205 si
265 2140 412 2226 iniquum
437 2145 538 2225 esset,
566 2163 634 2208 non
656 2142 778 2208 liceret.
822 2139 937 2208 deinde
961 2143 1091 2227 obicies,

129 2229 214 2313 quod
246 2250 312 2294 non
339 2229 523 2295 custodivi?
573 2233 678 2297 testor
708 2230 799 2310 deos,
828 2252 898 2296 non
924 2231 1093 2305 recessio

128 2319 283 2404 custodia,
306 2318 407 2385 donec
422 2340 482 2384 me
504 2318 626 2384 bellum
649 2320 809 2387 avocavit
839 2319 886 2386 At
909 2320 1090 2387 contradixi

125 2408 271 2492 praemio
307 2412 376 2474 tuo.
429 2408 492 2475 hoe
528 2408 635 2474 simile
667 2412 719 2474 est
751 2409 796 2493 ei,
832 2408 919 2495 quod
952 2409 1091 2476 defendi.

74 2511 107 2560 25
127 2499 184 2562 sed
208 2519 275 2563 non
303 2497 422 2564 dicam:
454 2499 618 2564 »recentia
643 2501 702 2564 tua
728 2498 874 2564 fecerunt
895 2499 1027 2584 merita,
1053 2504 1091 2565 ut

126 2585 304 2652 obtineres:
337 2609 380 2652 an
407 2586 567 2669 debueris,
599 2587 799 2672 apparebit«.
843 2608 912 2653 non
943 2587 1088 2654 desinam

125 2675 252 2758 optare,
274 2679 312 2741 ut
334 2676 418 2743 hano
442 2698 559 2742 causae
577 2676 668 2742 meae
685 2679 813 2760 partem
832 2675 954 2743 malam
977 2677 1087 2745 facias.

125 2762 221 2865 duret
246 2763 312 2829 ista
341 2764 441 2830 animi
463 2766 513 2830 tui
535 2765 639 2852 quies:
670 2764 753 2832 scias
783 2765 901 2852 quibus
924 2765 1088 2853 irascaris,

123 2871 207 2916 seras
232 2874 313 2936 quos
337 2875 434 2920 ames.

195 3031 208 3079 1
227 3024 406 3083 Declamacio
425 3033 448 3080 A
461 3030 501 3099 ue·
520 3031 586 3085 ante
604 3027 678 3084 ratio
696 3032 755 3099 An,
773 3045 842 3087 corr.
860 3028 905 3088 Rc
918 3031 959 3102 l⁸
978 3031 1021 3087 eet
1039 3036 1062 3083 A
1074 3030 1086 3103 [Ι

31 3101 37 3113 “
123 3100 156 3150 10
174 3095 228 3151 hcc
246 3100 311 3166 AB,
340 3115 409 3156 corr.
429 3098 488 3166 Ro,
512 3102 792 3170 praetereumtes:
808 3118 883 3158 nunc
909 3103 920 3174 l
945 3099 1085 3178 (tamen)

118 3166 163 3222 Ro
186 3169 195 3238 Π
220 3174 253 3223 14
271 3171 348 3225 satus
367 3175 412 3224 Aa
434 3171 443 3240 Η
468 3175 500 3225 18
518 3169 631 3227 filiuelt
654 3173 665 3243 ΙΙ
687 3177 721 3226 21
740 3171 885 3228 inimicum
903 3178 957 3243 Aa,
974 3172 1080 3231 inicum

118 3242 163 3291 Ab
176 3242 186 3308 ΙΙ
200 3245 234 3294 22
254 3241 302 3310 qui
321 3246 351 3309 A,
371 3244 429 3316 qn
452 3244 462 3312 ll
484 3247 520 3296 24
538 3242 663 3298 delendis
682 3244 712 3299 et
730 3246 793 3312 Aa,
812 3260 881 3300 corr.
900 3244 946 3302 reo
958 3245 969 3314 ΙΙ
981 3249 1017 3301 26
1036 3244 1082 3301 de·

117 3310 229 3452 Epa&
246 3315 308 3381 An,
327 3329 396 3368 corr.
416 3314 473 3370 Aer
487 3315 496 3384 lt
509 3314 656 3384 apparebit
673 3319 697 3368 A
720 3318 729 3386 tt
752 3321 785 3372 27
804 3315 908 3372 faciam
926 3319 991 3385 AB,
1010 3333 1080 3374 corr.

248 3399 325 3440 amas
344 3390 367 3437 A
1002 3406 1013 3419 ‘
