<?xml version="1.0" encoding="UTF-8"?>
<!DOCTYPE html PUBLIC "-//W3C//DTD XHTML 1.0 Transitional//EN"
    "http://www.w3.org/TR/xhtml1/DTD/xhtml1-transitional.dtd">
<html xmlns="http://www.w3.org/1999/xhtml" xml:lang="en" lang="en">
 <head>
  <title>
</title>
<meta http-equiv="Content-Type" content="text/html;charset=utf-8" />
  <meta name='ocr-system' content='tesseract 3.04.00' />
  <meta name='ocr-capabilities' content='ocr_page ocr_carea ocr_par ocr_line ocrx_word'/>
</head>
<body>
  <div class='ocr_page' id='page_1' title='image "./mfabiiquintilia01rittgoog_0457.png"; bbox 0 0 2386 3816; ppageno 0'>
   <div class='ocr_carea' id='block_1_1' title="bbox 169 147 765 214">
    <p class='ocr_par' dir='ltr' id='par_1_1' title="bbox 169 147 765 214">
     <span class='ocr_line' id='line_1_1' title="bbox 169 147 765 214; baseline 0 -12"><span class='ocrx_word' id='word_1_1' title='bbox 169 149 236 214; x_wconf 78' lang='grc'><strong>422</strong></span> <span class='ocrx_word' id='word_1_2' title='bbox 535 147 765 213; x_wconf 78' lang='lat' dir='ltr'><strong>QUINTILIANI</strong></span> 
     </span>
    </p>
   </div>
   <div class='ocr_carea' id='block_1_2' title="bbox 562 326 737 393">
    <p class='ocr_par' dir='ltr' id='par_1_2' title="bbox 562 326 737 393">
     <span class='ocr_line' id='line_1_2' title="bbox 562 326 737 393; baseline 0.006 -1"><span class='ocrx_word' id='word_1_3' title='bbox 562 326 737 393; x_wconf 80' lang='lat' dir='ltr'>SERMO.</span> 
     </span>
    </p>
   </div>
   <div class='ocr_carea' id='block_1_3' title="bbox 135 450 1136 979">
    <p class='ocr_par' dir='ltr' id='par_1_3' title="bbox 169 450 1136 714">
     <span class='ocr_line' id='line_1_3' title="bbox 175 450 1136 536; baseline 0.001 -20"><span class='ocrx_word' id='word_1_4' title='bbox 175 523 177 527; x_wconf 53' lang='grc'><strong>,</strong></span> <span class='ocrx_word' id='word_1_5' title='bbox 237 450 310 518; x_wconf 90' lang='lat' dir='ltr'><strong>Hoc</strong></span> <span class='ocrx_word' id='word_1_6' title='bbox 334 456 384 517; x_wconf 90' lang='lat' dir='ltr'><strong>est</strong></span> <span class='ocrx_word' id='word_1_7' title='bbox 407 451 636 518; x_wconf 88' lang='lat' dir='ltr'><strong>difficillimum</strong></span> <span class='ocrx_word' id='word_1_8' title='bbox 658 452 694 517; x_wconf 90' lang='lat' dir='ltr'><strong>in</strong></span> <span class='ocrx_word' id='word_1_9' title='bbox 711 452 773 516; x_wconf 85' lang='lat' dir='ltr'><strong>hac</strong></span> <span class='ocrx_word' id='word_1_10' title='bbox 791 451 1023 535; x_wconf 85' lang='lat' dir='ltr'><strong>controversia,</strong></span> <span class='ocrx_word' id='word_1_11' title='bbox 1048 452 1136 536; x_wconf 88' lang='lat' dir='ltr'><strong>quod</strong></span> 
     </span>
     <span class='ocr_line' id='line_1_4' title="bbox 169 539 1136 624; baseline 0.001 -20"><span class='ocrx_word' id='word_1_12' title='bbox 169 539 205 604; x_wconf 91' lang='lat' dir='ltr'><strong>in</strong></span> <span class='ocrx_word' id='word_1_13' title='bbox 236 541 347 605; x_wconf 89' lang='lat' dir='ltr'><strong>eadem</strong></span> <span class='ocrx_word' id='word_1_14' title='bbox 370 540 560 612; x_wconf 86' lang='lat' dir='ltr'><strong>condicione</strong></span> <span class='ocrx_word' id='word_1_15' title='bbox 591 544 624 606; x_wconf 89' lang='lat' dir='ltr'><strong>et</strong></span> <span class='ocrx_word' id='word_1_16' title='bbox 653 539 821 624; x_wconf 88' lang='lat' dir='ltr'><strong>parricidii</strong></span> <span class='ocrx_word' id='word_1_17' title='bbox 858 543 892 604; x_wconf 90' lang='lat' dir='ltr'><strong>et</strong></span> <span class='ocrx_word' id='word_1_18' title='bbox 927 540 1048 604; x_wconf 88' lang='lat' dir='ltr'><strong>mortis</strong></span> <span class='ocrx_word' id='word_1_19' title='bbox 1086 544 1136 605; x_wconf 88' lang='lat' dir='ltr'><strong>cst</strong></span> 
     </span>
     <span class='ocr_line' id='line_1_5' title="bbox 171 627 1136 714; baseline 0.001 -22"><span class='ocrx_word' id='word_1_20' title='bbox 171 627 308 694; x_wconf 86' lang='lat' dir='ltr'><strong>militiae</strong></span> <span class='ocrx_word' id='word_1_21' title='bbox 331 634 454 695; x_wconf 87' lang='lat' dir='ltr'><strong>metus:</strong></span> <span class='ocrx_word' id='word_1_22' title='bbox 477 637 573 714; x_wconf 88' lang='lat' dir='ltr'><strong>quem</strong></span> <span class='ocrx_word' id='word_1_23' title='bbox 596 629 624 694; x_wconf 89' lang='lat' dir='ltr'><strong>si</strong></span> <span class='ocrx_word' id='word_1_24' title='bbox 646 628 837 712; x_wconf 86' lang='lat' dir='ltr'><strong>infitiamur,</strong></span> <span class='ocrx_word' id='word_1_25' title='bbox 859 649 926 693; x_wconf 90' lang='lat' dir='ltr'><strong>non</strong></span> <span class='ocrx_word' id='word_1_26' title='bbox 948 627 1136 712; x_wconf 86' lang='lat' dir='ltr'><strong>habuimus,</strong></span> 
     </span>
    </p>

    <p class='ocr_par' dir='ltr' id='par_1_4' title="bbox 135 715 1136 979">
     <span class='ocr_line' id='line_1_6' title="bbox 135 715 1136 802; baseline 0 -19"><span class='ocrx_word' id='word_1_27' title='bbox 135 732 151 783; x_wconf 84' lang='lat'><strong>5</strong></span> <span class='ocrx_word' id='word_1_28' title='bbox 170 738 227 782; x_wconf 88' lang='lat' dir='ltr'><strong>cur</strong></span> <span class='ocrx_word' id='word_1_29' title='bbox 249 716 313 801; x_wconf 90' lang='lat' dir='ltr'><strong>ipsi</strong></span> <span class='ocrx_word' id='word_1_30' title='bbox 335 718 491 783; x_wconf 82' lang='lat' dir='ltr'><strong>vellemus</strong></span> <span class='ocrx_word' id='word_1_31' title='bbox 514 717 612 802; x_wconf 82' lang='lat' dir='ltr'><strong>mori3</strong></span> <span class='ocrx_word' id='word_1_32' title='bbox 641 716 669 782; x_wconf 92' lang='lat' dir='ltr'><strong>si</strong></span> <span class='ocrx_word' id='word_1_33' title='bbox 691 716 841 800; x_wconf 87' lang='lat' dir='ltr'><strong>fatemur,</strong></span> <span class='ocrx_word' id='word_1_34' title='bbox 863 715 1055 800; x_wconf 82' lang='lat' dir='ltr'>habuimus,</span> <span class='ocrx_word' id='word_1_35' title='bbox 1079 740 1136 783; x_wconf 89' lang='lat' dir='ltr'><strong>cur</strong></span> 
     </span>
     <span class='ocr_line' id='line_1_7' title="bbox 169 804 1136 890; baseline 0.001 -20"><span class='ocrx_word' id='word_1_36' title='bbox 169 809 297 890; x_wconf 87' lang='lat' dir='ltr'><strong>patrem</strong></span> <span class='ocrx_word' id='word_1_37' title='bbox 320 807 477 872; x_wconf 82' lang='lat' dir='ltr'><strong>vellemus</strong></span> <span class='ocrx_word' id='word_1_38' title='bbox 503 805 656 871; x_wconf 89' lang='lat' dir='ltr'><strong>occidere.</strong></span> <span class='ocrx_word' id='word_1_39' title='bbox 701 805 807 871; x_wconf 87' lang='lat' dir='ltr'><strong>medio</strong></span> <span class='ocrx_word' id='word_1_40' title='bbox 839 804 940 889; x_wconf 82' lang='lat' dir='ltr'><strong>igitur</strong></span> <span class='ocrx_word' id='word_1_41' title='bbox 970 809 1136 889; x_wconf 85' lang='lat' dir='ltr'><strong>tempera·</strong></span> 
     </span>
     <span class='ocr_line' id='line_1_8' title="bbox 169 896 468 979; baseline 0.003 -21"><span class='ocrx_word' id='word_1_42' title='bbox 169 896 280 960; x_wconf 90' lang='lat' dir='ltr'><strong>mento</strong></span> <span class='ocrx_word' id='word_1_43' title='bbox 304 916 384 979; x_wconf 91' lang='lat' dir='ltr'><strong>opus</strong></span> <span class='ocrx_word' id='word_1_44' title='bbox 409 897 468 959; x_wconf 90' lang='lat' dir='ltr'><strong>est.</strong></span> 
     </span>
    </p>
   </div>
   <div class='ocr_carea' id='block_1_4' title="bbox 394 1118 901 1328">
    <p class='ocr_par' dir='ltr' id='par_1_5' title="bbox 394 1118 901 1328">
     <span class='ocr_line' id='line_1_9' title="bbox 501 1118 810 1206; baseline 0 -20"><span class='ocrx_word' id='word_1_45' title='bbox 501 1118 810 1206; x_wconf 70' lang='lat' dir='ltr'>CCCLXXVIH.]</span> 
     </span>
     <span class='ocr_line' id='line_1_10' title="bbox 394 1241 901 1328; baseline -0.002 -18"><span class='ocrx_word' id='word_1_46' title='bbox 394 1241 531 1312; x_wconf 81' lang='lat' dir='ltr'><strong>Auctor</strong></span> <span class='ocrx_word' id='word_1_47' title='bbox 553 1245 649 1328; x_wconf 85' lang='lat' dir='ltr'><strong>pacis</strong></span> <span class='ocrx_word' id='word_1_48' title='bbox 673 1243 901 1311; x_wconf 86' lang='lat' dir='ltr'><strong>abdicandus.</strong></span> 
     </span>
    </p>
   </div>
   <div class='ocr_carea' id='block_1_5' title="bbox 117 1385 1134 1738">
    <p class='ocr_par' dir='ltr' id='par_1_6' title="bbox 117 1385 1134 1738">
     <span class='ocr_line' id='line_1_11' title="bbox 117 1385 1134 1471; baseline -0.002 -15"><span class='ocrx_word' id='word_1_49' title='bbox 117 1405 150 1456; x_wconf 93' lang='lat'><strong>10</strong></span> <span class='ocrx_word' id='word_1_50' title='bbox 169 1385 267 1452; x_wconf 86' lang='lat' dir='ltr'><strong>Victa</strong></span> <span class='ocrx_word' id='word_1_51' title='bbox 290 1387 415 1452; x_wconf 89' lang='lat' dir='ltr'><strong>duobus</strong></span> <span class='ocrx_word' id='word_1_52' title='bbox 438 1387 572 1470; x_wconf 87' lang='lat' dir='ltr'><strong>proeliis</strong></span> <span class='ocrx_word' id='word_1_53' title='bbox 595 1387 737 1471; x_wconf 83' lang='lat' dir='ltr'><strong>civitate,</strong></span> <span class='ocrx_word' id='word_1_54' title='bbox 759 1388 859 1452; x_wconf 87' lang='lat' dir='ltr'><strong>tertia</strong></span> <span class='ocrx_word' id='word_1_55' title='bbox 881 1387 1045 1452; x_wconf 88' lang='lat' dir='ltr'><strong>instructa</strong></span> <span class='ocrx_word' id='word_1_56' title='bbox 1066 1391 1134 1455; x_wconf 88' lang='lat' dir='ltr'><strong>acie</strong></span> 
     </span>
     <span class='ocr_line' id='line_1_12' title="bbox 257 1473 1134 1560; baseline 0.002 -20"><span class='ocrx_word' id='word_1_57' title='bbox 257 1473 424 1558; x_wconf 77' lang='lat' dir='ltr'><strong>pollicitus</strong></span> <span class='ocrx_word' id='word_1_58' title='bbox 452 1495 565 1560; x_wconf 88' lang='lat' dir='ltr'><strong>pacem</strong></span> <span class='ocrx_word' id='word_1_59' title='bbox 593 1476 796 1559; x_wconf 77' lang='lat' dir='ltr'><strong>adulescens,</strong></span> <span class='ocrx_word' id='word_1_60' title='bbox 829 1476 857 1540; x_wconf 77' lang='lat' dir='ltr'><strong>si</strong></span> <span class='ocrx_word' id='word_1_61' title='bbox 886 1475 1134 1559; x_wconf 85' lang='lat' dir='ltr'><strong>permitteretur</strong></span> 
     </span>
     <span class='ocr_line' id='line_1_13' title="bbox 258 1562 1133 1649; baseline 0.006 -23"><span class='ocrx_word' id='word_1_62' title='bbox 258 1562 321 1627; x_wconf 89' lang='lat' dir='ltr'><strong>sibi</strong></span> <span class='ocrx_word' id='word_1_63' title='bbox 343 1583 418 1628; x_wconf 91' lang='lat' dir='ltr'><strong>cum</strong></span> <span class='ocrx_word' id='word_1_64' title='bbox 441 1563 521 1628; x_wconf 87' lang='lat' dir='ltr'><strong>duce</strong></span> <span class='ocrx_word' id='word_1_65' title='bbox 543 1564 689 1630; x_wconf 90' lang='lat' dir='ltr'><strong>hostium</strong></span> <span class='ocrx_word' id='word_1_66' title='bbox 716 1565 820 1649; x_wconf 91' lang='lat' dir='ltr'><strong>loqui,</strong></span> <span class='ocrx_word' id='word_1_67' title='bbox 843 1565 923 1648; x_wconf 82' lang='lat' dir='ltr'><strong>post</strong></span> <span class='ocrx_word' id='word_1_68' title='bbox 950 1563 1133 1631; x_wconf 82' lang='lat' dir='ltr'><strong>discessum</strong></span> 
     </span>
     <span class='ocr_line' id='line_1_14' title="bbox 258 1652 1027 1738; baseline 0.003 -22"><span class='ocrx_word' id='word_1_69' title='bbox 258 1672 369 1716; x_wconf 88' lang='lat' dir='ltr'><strong>eorum</strong></span> <span class='ocrx_word' id='word_1_70' title='bbox 393 1652 557 1736; x_wconf 86' lang='lat' dir='ltr'><strong>quianon</strong></span> <span class='ocrx_word' id='word_1_71' title='bbox 580 1653 701 1718; x_wconf 83' lang='lat' dir='ltr'><strong>indicat</strong></span> <span class='ocrx_word' id='word_1_72' title='bbox 722 1653 823 1738; x_wconf 86' lang='lat' dir='ltr'><strong>patri,</strong></span> <span class='ocrx_word' id='word_1_73' title='bbox 847 1653 1027 1718; x_wconf 87' lang='lat' dir='ltr'><strong>abdicatur.</strong></span> 
     </span>
    </p>
   </div>
   <div class='ocr_carea' id='block_1_6' title="bbox 482 1827 816 1896">
    <p class='ocr_par' dir='ltr' id='par_1_7' title="bbox 482 1827 816 1896">
     <span class='ocr_line' id='line_1_15' title="bbox 482 1827 816 1896; baseline 0.003 -2"><span class='ocrx_word' id='word_1_74' title='bbox 482 1827 816 1896; x_wconf 73' lang='lat' dir='ltr'><strong>DEOLAMATIO.</strong></span> 
     </span>
    </p>
   </div>
   <div class='ocr_carea' id='block_1_7' title="bbox 115 1951 1133 3100">
    <p class='ocr_par' dir='ltr' id='par_1_8' title="bbox 116 1951 1133 2393">
     <span class='ocr_line' id='line_1_16' title="bbox 116 1951 1133 2038; baseline 0.002 -19"><span class='ocrx_word' id='word_1_75' title='bbox 116 1968 150 2020; x_wconf 80' lang='lat'><strong>15</strong></span> <span class='ocrx_word' id='word_1_76' title='bbox 235 1951 312 2019; x_wconf 90' lang='lat' dir='ltr'><strong>Non</strong></span> <span class='ocrx_word' id='word_1_77' title='bbox 335 1974 406 2018; x_wconf 89' lang='lat' dir='ltr'><strong>esse</strong></span> <span class='ocrx_word' id='word_1_78' title='bbox 428 1953 637 2038; x_wconf 82' lang='lat' dir='ltr'><strong>privilegium</strong></span> <span class='ocrx_word' id='word_1_79' title='bbox 659 1953 848 2038; x_wconf 90' lang='lat' dir='ltr'><strong>parentibus</strong></span> <span class='ocrx_word' id='word_1_80' title='bbox 873 1952 984 2018; x_wconf 90' lang='lat' dir='ltr'><strong>datum</strong></span> <span class='ocrx_word' id='word_1_81' title='bbox 1008 1957 1133 2036; x_wconf 86' lang='lat' dir='ltr'><strong>†men-</strong></span> 
     </span>
     <span class='ocr_line' id='line_1_17' title="bbox 169 2040 1132 2128; baseline 0.004 -22"><span class='ocrx_word' id='word_1_82' title='bbox 169 2042 270 2121; x_wconf 87' lang='lat' dir='ltr'><strong>tior.†</strong></span> <span class='ocrx_word' id='word_1_83' title='bbox 315 2041 426 2105; x_wconf 85' lang='lat' dir='ltr'><strong>datam</strong></span> <span class='ocrx_word' id='word_1_84' title='bbox 454 2062 525 2105; x_wconf 91' lang='lat' dir='ltr'><strong>esse</strong></span> <span class='ocrx_word' id='word_1_85' title='bbox 557 2040 651 2107; x_wconf 85' lang='lat' dir='ltr'><strong>video</strong></span> <span class='ocrx_word' id='word_1_86' title='bbox 683 2042 794 2107; x_wconf 90' lang='lat' dir='ltr'><strong>liberis</strong></span> <span class='ocrx_word' id='word_1_87' title='bbox 826 2042 1046 2125; x_wconf 89' lang='lat' dir='ltr'><strong>respondendi</strong></span> <span class='ocrx_word' id='word_1_88' title='bbox 1075 2067 1132 2128; x_wconf 92' lang='lat' dir='ltr'><strong>po-</strong></span> 
     </span>
     <span class='ocr_line' id='line_1_18' title="bbox 168 2128 1132 2216; baseline 0.004 -22"><span class='ocrx_word' id='word_1_89' title='bbox 168 2132 336 2213; x_wconf 75' lang='lat' dir='ltr'><strong>testatem,</strong></span> <span class='ocrx_word' id='word_1_90' title='bbox 376 2133 409 2193; x_wconf 92' lang='lat' dir='ltr'><strong>et</strong></span> <span class='ocrx_word' id='word_1_91' title='bbox 445 2129 484 2193; x_wconf 90' lang='lat' dir='ltr'><strong>de</strong></span> <span class='ocrx_word' id='word_1_92' title='bbox 517 2128 719 2196; x_wconf 90' lang='lat' dir='ltr'><strong>abdicatione</strong></span> <span class='ocrx_word' id='word_1_93' title='bbox 750 2129 888 2195; x_wconf 89' lang='lat' dir='ltr'><strong>iudicem</strong></span> <span class='ocrx_word' id='word_1_94' title='bbox 921 2151 1132 2216; x_wconf 78' lang='lat' dir='ltr'><strong>cognoscere.</strong></span> 
     </span>
     <span class='ocr_line' id='line_1_19' title="bbox 168 2217 1132 2303; baseline 0.004 -20"><span class='ocrx_word' id='word_1_95' title='bbox 168 2218 239 2283; x_wconf 89' lang='lat' dir='ltr'><strong>dico</strong></span> <span class='ocrx_word' id='word_1_96' title='bbox 263 2217 365 2303; x_wconf 83' lang='lat' dir='ltr'><strong>igitur</strong></span> <span class='ocrx_word' id='word_1_97' title='bbox 388 2221 477 2282; x_wconf 89' lang='lat' dir='ltr'><strong>certa</strong></span> <span class='ocrx_word' id='word_1_98' title='bbox 501 2238 580 2301; x_wconf 88' lang='lat' dir='ltr'><strong>esse,</strong></span> <span class='ocrx_word' id='word_1_99' title='bbox 603 2240 684 2303; x_wconf 85' lang='lat' dir='ltr'><strong>quae</strong></span> <span class='ocrx_word' id='word_1_100' title='bbox 707 2219 869 2302; x_wconf 89' lang='lat' dir='ltr'><strong>imperent</strong></span> <span class='ocrx_word' id='word_1_101' title='bbox 891 2223 1017 2303; x_wconf 86' lang='lat' dir='ltr'><strong>patres:</strong></span> <span class='ocrx_word' id='word_1_102' title='bbox 1041 2223 1132 2287; x_wconf 85' lang='lat' dir='ltr'><strong>navi-</strong></span> 
     </span>
     <span class='ocr_line' id='line_1_20' title="bbox 169 2304 1132 2393; baseline 0.004 -22"><span class='ocrx_word' id='word_1_103' title='bbox 169 2306 346 2393; x_wconf 86' lang='lat' dir='ltr'><strong>gationem,</strong></span> <span class='ocrx_word' id='word_1_104' title='bbox 364 2304 530 2389; x_wconf 72' lang='lat' dir='ltr'><strong>militiam,</strong></span> <span class='ocrx_word' id='word_1_105' title='bbox 554 2307 712 2391; x_wconf 89' lang='lat' dir='ltr'><strong>quaedam</strong></span> <span class='ocrx_word' id='word_1_106' title='bbox 731 2307 851 2391; x_wconf 84' lang='lat' dir='ltr'><strong>excipi:</strong></span> <span class='ocrx_word' id='word_1_107' title='bbox 875 2309 1047 2392; x_wconf 87' lang='lat' dir='ltr'><strong>senatoris,</strong></span> <span class='ocrx_word' id='word_1_108' title='bbox 1063 2332 1132 2375; x_wconf 90' lang='lat' dir='ltr'><strong>ma·</strong></span> 
     </span>
    </p>

    <p class='ocr_par' dir='ltr' id='par_1_9' title="bbox 116 2393 1132 2834">
     <span class='ocr_line' id='line_1_21' title="bbox 116 2393 1132 2483; baseline 0.002 -23"><span class='ocrx_word' id='word_1_109' title='bbox 116 2411 151 2462; x_wconf 79' lang='lat'><strong>20</strong></span> <span class='ocrx_word' id='word_1_110' title='bbox 169 2394 344 2479; x_wconf 81' lang='lat' dir='ltr'><strong>gistratus,</strong></span> <span class='ocrx_word' id='word_1_111' title='bbox 367 2393 482 2459; x_wconf 88' lang='lat' dir='ltr'><strong>iudicis</strong></span> <span class='ocrx_word' id='word_1_112' title='bbox 506 2397 715 2460; x_wconf 85' lang='lat' dir='ltr'><strong>sententiam:</strong></span> <span class='ocrx_word' id='word_1_113' title='bbox 743 2401 776 2461; x_wconf 91' lang='lat' dir='ltr'><strong>et</strong></span> <span class='ocrx_word' id='word_1_114' title='bbox 798 2396 919 2461; x_wconf 89' lang='lat' dir='ltr'><strong>liberos</strong></span> <span class='ocrx_word' id='word_1_115' title='bbox 943 2417 1028 2477; x_wconf 87' lang='lat' dir='ltr'><strong>esse,</strong></span> <span class='ocrx_word' id='word_1_116' title='bbox 1052 2399 1132 2483; x_wconf 86' lang='lat' dir='ltr'><strong>quia</strong></span> 
     </span>
     <span class='ocr_line' id='line_1_22' title="bbox 169 2482 1132 2569; baseline 0.003 -21"><span class='ocrx_word' id='word_1_117' title='bbox 169 2482 264 2549; x_wconf 84' lang='lat' dir='ltr'><strong>cives.</strong></span> <span class='ocrx_word' id='word_1_118' title='bbox 309 2482 394 2548; x_wconf 86' lang='lat' dir='ltr'><strong>hanc</strong></span> <span class='ocrx_word' id='word_1_119' title='bbox 421 2504 498 2548; x_wconf 85' lang='lat' dir='ltr'><strong>vero</strong></span> <span class='ocrx_word' id='word_1_120' title='bbox 526 2505 645 2549; x_wconf 83' lang='lat' dir='ltr'><strong>novam</strong></span> <span class='ocrx_word' id='word_1_121' title='bbox 673 2485 792 2569; x_wconf 84' lang='lat' dir='ltr'><strong>legem,</strong></span> <span class='ocrx_word' id='word_1_122' title='bbox 816 2485 981 2550; x_wconf 87' lang='lat' dir='ltr'><strong>silentium</strong></span> <span class='ocrx_word' id='word_1_123' title='bbox 1005 2487 1132 2551; x_wconf 87' lang='lat' dir='ltr'><strong>crimen</strong></span> 
     </span>
     <span class='ocr_line' id='line_1_23' title="bbox 169 2571 1131 2659; baseline 0.005 -23"><span class='ocrx_word' id='word_1_124' title='bbox 169 2593 249 2638; x_wconf 87' lang='lat' dir='ltr'><strong>esse.</strong></span> <span class='ocrx_word' id='word_1_125' title='bbox 295 2593 369 2636; x_wconf 91' lang='lat' dir='ltr'><strong>cum</strong></span> <span class='ocrx_word' id='word_1_126' title='bbox 399 2571 567 2638; x_wconf 86' lang='lat' dir='ltr'><strong>abdicetur</strong></span> <span class='ocrx_word' id='word_1_127' title='bbox 597 2573 806 2656; x_wconf 83' lang='lat' dir='ltr'><strong>procacitatis</strong></span> <span class='ocrx_word' id='word_1_128' title='bbox 838 2573 1034 2659; x_wconf 86' lang='lat' dir='ltr'><strong>petulantia,</strong></span> <span class='ocrx_word' id='word_1_129' title='bbox 1068 2576 1131 2641; x_wconf 85' lang='lat' dir='ltr'><strong>sub</strong></span> 
     </span>
     <span class='ocr_line' id='line_1_24' title="bbox 167 2660 1130 2747; baseline 0.002 -21"><span class='ocrx_word' id='word_1_130' title='bbox 167 2660 355 2747; x_wconf 86' lang='lat' dir='ltr'><strong>hccpatre·</strong></span> <span class='ocrx_word' id='word_1_131' title='bbox 369 2663 477 2726; x_wconf 86' lang='lat' dir='ltr'><strong>tacere</strong></span> <span class='ocrx_word' id='word_1_132' title='bbox 499 2681 567 2725; x_wconf 86' lang='lat' dir='ltr'><strong>non</strong></span> <span class='ocrx_word' id='word_1_133' title='bbox 589 2661 673 2727; x_wconf 83' lang='lat' dir='ltr'><strong>licet</strong></span> <span class='ocrx_word' id='word_1_134' title='bbox 703 2661 790 2747; x_wconf 79' lang='lat' dir='ltr'><strong>finge</strong></span> <span class='ocrx_word' id='word_1_135' title='bbox 807 2665 841 2726; x_wconf 94' lang='lat' dir='ltr'><strong>te</strong></span> <span class='ocrx_word' id='word_1_136' title='bbox 861 2683 1024 2747; x_wconf 87' lang='lat' dir='ltr'><strong>quaerere,</strong></span> <span class='ocrx_word' id='word_1_137' title='bbox 1048 2663 1130 2747; x_wconf 89' lang='lat' dir='ltr'><strong>quid</strong></span> 
     </span>
     <span class='ocr_line' id='line_1_25' title="bbox 169 2747 1131 2834; baseline 0.004 -21"><span class='ocrx_word' id='word_1_138' title='bbox 169 2749 273 2815; x_wconf 89' lang='lat' dir='ltr'><strong>amico</strong></span> <span class='ocrx_word' id='word_1_139' title='bbox 296 2747 490 2816; x_wconf 83' lang='lat' dir='ltr'><strong>deliberanti</strong></span> <span class='ocrx_word' id='word_1_140' title='bbox 513 2749 684 2814; x_wconf 87' lang='lat' dir='ltr'><strong>suaserim:</strong></span> <span class='ocrx_word' id='word_1_141' title='bbox 708 2749 935 2834; x_wconf 80' lang='lat' dir='ltr'><strong>extorquebis?</strong></span> <span class='ocrx_word' id='word_1_142' title='bbox 959 2771 1060 2834; x_wconf 89' lang='lat' dir='ltr'><strong>quare</strong></span> <span class='ocrx_word' id='word_1_143' title='bbox 1080 2753 1131 2818; x_wconf 93' lang='lat' dir='ltr'><strong>iu-</strong></span> 
     </span>
    </p>

    <p class='ocr_par' dir='ltr' id='par_1_10' title="bbox 115 2836 1132 3100">
     <span class='ocr_line' id='line_1_26' title="bbox 115 2836 1132 2922; baseline 0.001 -18"><span class='ocrx_word' id='word_1_144' title='bbox 115 2853 149 2904; x_wconf 79' lang='lat'><strong>25</strong></span> <span class='ocrx_word' id='word_1_145' title='bbox 168 2836 229 2903; x_wconf 85' lang='lat' dir='ltr'><strong>dcx</strong></span> <span class='ocrx_word' id='word_1_146' title='bbox 251 2860 342 2903; x_wconf 90' lang='lat' dir='ltr'><strong>reum</strong></span> <span class='ocrx_word' id='word_1_147' title='bbox 365 2836 609 2902; x_wconf 83' lang='lat' dir='ltr'><strong>damnaverim?</strong></span> <span class='ocrx_word' id='word_1_148' title='bbox 633 2860 730 2922; x_wconf 85' lang='lat' dir='ltr'><strong>quam</strong></span> <span class='ocrx_word' id='word_1_149' title='bbox 753 2838 913 2903; x_wconf 85' lang='lat' dir='ltr'><strong>rationem</strong></span> <span class='ocrx_word' id='word_1_150' title='bbox 937 2842 1072 2904; x_wconf 88' lang='lat' dir='ltr'><strong>senator</strong></span> <span class='ocrx_word' id='word_1_151' title='bbox 1095 2841 1132 2904; x_wconf 92' lang='lat' dir='ltr'><strong>in</strong></span> 
     </span>
     <span class='ocr_line' id='line_1_27' title="bbox 169 2925 1131 3014; baseline 0.004 -24"><span class='ocrx_word' id='word_1_152' title='bbox 169 2926 332 2990; x_wconf 87' lang='lat' dir='ltr'><strong>sententia</strong></span> <span class='ocrx_word' id='word_1_153' title='bbox 359 2927 488 2991; x_wconf 89' lang='lat' dir='ltr'><strong>secutus</strong></span> <span class='ocrx_word' id='word_1_154' title='bbox 511 2925 597 2990; x_wconf 84' lang='lat' dir='ltr'><strong>sim?</strong></span> <span class='ocrx_word' id='word_1_155' title='bbox 641 2926 707 2992; x_wconf 90' lang='lat' dir='ltr'><strong>isto</strong></span> <span class='ocrx_word' id='word_1_156' title='bbox 730 2926 826 2992; x_wconf 90' lang='lat' dir='ltr'><strong>modo</strong></span> <span class='ocrx_word' id='word_1_157' title='bbox 849 2926 1023 2992; x_wconf 85' lang='lat' dir='ltr'><strong>levissimis</strong></span> <span class='ocrx_word' id='word_1_158' title='bbox 1049 2950 1131 3014; x_wconf 90' lang='lat' dir='ltr'><strong>quo-</strong></span> 
     </span>
     <span class='ocr_line' id='line_1_28' title="bbox 169 3012 1132 3100; baseline 0.003 -21"><span class='ocrx_word' id='word_1_159' title='bbox 169 3034 231 3099; x_wconf 89' lang='lat' dir='ltr'><strong>que</strong></span> <span class='ocrx_word' id='word_1_160' title='bbox 254 3013 359 3079; x_wconf 83' lang='lat' dir='ltr'><strong>causis</strong></span> <span class='ocrx_word' id='word_1_161' title='bbox 378 3012 586 3098; x_wconf 86' lang='lat' dir='ltr'><strong>expellemur,</strong></span> <span class='ocrx_word' id='word_1_162' title='bbox 609 3018 642 3079; x_wconf 89' lang='lat' dir='ltr'><strong>et</strong></span> <span class='ocrx_word' id='word_1_163' title='bbox 660 3017 834 3100; x_wconf 88' lang='lat' dir='ltr'><strong>utcumque</strong></span> <span class='ocrx_word' id='word_1_164' title='bbox 853 3015 1000 3080; x_wconf 86' lang='lat' dir='ltr'><strong>delicatis</strong></span> <span class='ocrx_word' id='word_1_165' title='bbox 1019 3016 1132 3083; x_wconf 87' lang='lat' dir='ltr'><strong>visum</strong></span> 
     </span>
    </p>
   </div>
   <div class='ocr_carea' id='block_1_8' title="bbox 161 3203 1133 3491">
    <p class='ocr_par' dir='ltr' id='par_1_11' title="bbox 161 3203 1133 3491">
     <span class='ocr_line' id='line_1_29' title="bbox 239 3203 1132 3279; baseline 0.007 -19"><span class='ocrx_word' id='word_1_166' title='bbox 239 3211 257 3260; x_wconf 87' lang='grc'>4</span> <span class='ocrx_word' id='word_1_167' title='bbox 282 3203 444 3260; x_wconf 82' lang='lat' dir='ltr'><strong>infatiamur</strong></span> <span class='ocrx_word' id='word_1_168' title='bbox 468 3209 509 3259; x_wconf 74' lang='lat' dir='ltr'><strong>Aa</strong></span> <span class='ocrx_word' id='word_1_169' title='bbox 535 3205 544 3276; x_wconf 72' lang='lat' dir='ltr'><strong>l</strong></span> <span class='ocrx_word' id='word_1_170' title='bbox 572 3210 588 3260; x_wconf 83' lang='lat'>5</span> <span class='ocrx_word' id='word_1_171' title='bbox 613 3205 673 3275; x_wconf 87' lang='lat' dir='ltr'><strong>ipsc</strong></span> <span class='ocrx_word' id='word_1_172' title='bbox 699 3211 722 3258; x_wconf 83' lang='grc' dir='ltr'><strong>Δ</strong></span> <span class='ocrx_word' id='word_1_173' title='bbox 749 3207 758 3275; x_wconf 85' lang='grc' dir='ltr'><strong>ΙΙ</strong></span> <span class='ocrx_word' id='word_1_174' title='bbox 785 3211 801 3260; x_wconf 86' lang='grc'><strong>6</strong></span> <span class='ocrx_word' id='word_1_175' title='bbox 826 3207 935 3275; x_wconf 85' lang='lat' dir='ltr'><strong>patrem</strong></span> <span class='ocrx_word' id='word_1_176' title='bbox 959 3222 1010 3262; x_wconf 73' lang='lat' dir='ltr'><strong>orn.</strong></span> <span class='ocrx_word' id='word_1_177' title='bbox 1035 3213 1056 3261; x_wconf 74' lang='lat' dir='ltr'>P</span> <span class='ocrx_word' id='word_1_178' title='bbox 1079 3211 1090 3279; x_wconf 77' lang='lat' dir='ltr'>fl</span> <span class='ocrx_word' id='word_1_179' title='bbox 1114 3216 1132 3266; x_wconf 86' lang='lat'>8</span> 
     </span>
     <span class='ocr_line' id='line_1_30' title="bbox 170 3274 1133 3351; baseline 0.003 -18"><span class='ocrx_word' id='word_1_180' title='bbox 170 3274 364 3333; x_wconf 75' lang='lat' dir='ltr'><strong>cccnxxvu</strong></span> <span class='ocrx_word' id='word_1_181' title='bbox 381 3279 459 3329; x_wconf 69' lang='grc' dir='ltr'><strong>Μ’</strong></span> <span class='ocrx_word' id='word_1_182' title='bbox 472 3277 481 3346; x_wconf 71' lang='lat' dir='ltr'><strong>ll</strong></span> <span class='ocrx_word' id='word_1_183' title='bbox 496 3282 528 3330; x_wconf 92' lang='lat'><strong>11</strong></span> <span class='ocrx_word' id='word_1_184' title='bbox 548 3277 725 3346; x_wconf 85' lang='lat' dir='ltr'><strong>permitteret</strong></span> <span class='ocrx_word' id='word_1_185' title='bbox 742 3276 786 3346; x_wconf 71' lang='grc' dir='ltr'><strong>ΒΗ</strong></span> <span class='ocrx_word' id='word_1_186' title='bbox 805 3283 837 3331; x_wconf 79' lang='lat'><strong>12</strong></span> <span class='ocrx_word' id='word_1_187' title='bbox 858 3275 996 3331; x_wconf 86' lang='lat' dir='ltr'><strong>discessus</strong></span> <span class='ocrx_word' id='word_1_188' title='bbox 1014 3282 1057 3334; x_wconf 70' lang='lat' dir='ltr'><strong>Aa</strong></span> <span class='ocrx_word' id='word_1_189' title='bbox 1071 3283 1081 3351; x_wconf 77' lang='grc' dir='ltr'><strong>ΙΙ</strong></span> <span class='ocrx_word' id='word_1_190' title='bbox 1097 3287 1133 3336; x_wconf 85' lang='grc'><strong>16</strong></span> 
     </span>
     <span class='ocr_line' id='line_1_31' title="bbox 161 3346 1133 3491; baseline 0.009 -91"><span class='ocrx_word' id='word_1_191' title='bbox 161 3346 390 3491; x_wconf 50' lang='grc' dir='ltr'><strong>ἣξὲτεαῗένῃη</strong></span> <span class='ocrx_word' id='word_1_192' title='bbox 413 3347 549 3402; x_wconf 82' lang='lat' dir='ltr'><strong>datumB</strong></span> <span class='ocrx_word' id='word_1_193' title='bbox 571 3349 581 3418; x_wconf 81' lang='grc' dir='ltr'><strong>ΙΙ</strong></span> <span class='ocrx_word' id='word_1_194' title='bbox 605 3352 638 3402; x_wconf 84' lang='grc'><strong>18</strong></span> <span class='ocrx_word' id='word_1_195' title='bbox 656 3347 797 3417; x_wconf 82' lang='lat' dir='ltr'><strong>imperant</strong></span> <span class='ocrx_word' id='word_1_196' title='bbox 814 3349 856 3417; x_wconf 75' lang='lat' dir='ltr'><strong>Pl}</strong></span> <span class='ocrx_word' id='word_1_197' title='bbox 875 3353 909 3403; x_wconf 77' lang='lat'><strong>24</strong></span> <span class='ocrx_word' id='word_1_198' title='bbox 928 3349 956 3403; x_wconf 88' lang='lat' dir='ltr'><strong>et</strong></span> <span class='ocrx_word' id='word_1_199' title='bbox 974 3351 1133 3420; x_wconf 72' lang='lat' dir='ltr'><strong>torquebas</strong></span> 
     </span>
    </p>
   </div>
   <div class='ocr_carea' id='block_1_9' title="bbox 0 0 1198 3816">
    <p class='ocr_par' dir='ltr' id='par_1_12' title="bbox 0 0 1198 3816">
     <span class='ocr_line' id='line_1_32' title="bbox 0 0 1198 3816; baseline 0 0"><span class='ocrx_word' id='word_1_200' title='bbox 0 0 1198 3816; x_wconf 95' lang='lat' dir='ltr'><strong> </strong></span> 
     </span>
    </p>
   </div>
  </div>
 </body>
</html>
