<?xml version="1.0" encoding="UTF-8"?>
<!DOCTYPE html PUBLIC "-//W3C//DTD XHTML 1.0 Transitional//EN"
    "http://www.w3.org/TR/xhtml1/DTD/xhtml1-transitional.dtd">
<html xmlns="http://www.w3.org/1999/xhtml" xml:lang="en" lang="en">
 <head>
  <title>
</title>
<meta http-equiv="Content-Type" content="text/html;charset=utf-8" />
  <meta name='ocr-system' content='tesseract 3.04.00' />
  <meta name='ocr-capabilities' content='ocr_page ocr_carea ocr_par ocr_line ocrx_word'/>
</head>
<body>
  <div class='ocr_page' id='page_1' title='image "./mfabiiquintilia01rittgoog_0109.png"; bbox 0 0 2386 3816; ppageno 0'>
   <div class='ocr_carea' id='block_1_1' title="bbox 95 111 689 180">
    <p class='ocr_par' dir='ltr' id='par_1_1' title="bbox 95 111 689 180">
     <span class='ocr_line' id='line_1_1' title="bbox 95 111 689 180; baseline 0.007 -14"><span class='ocrx_word' id='word_1_1' title='bbox 95 113 138 178; x_wconf 74' lang='lat'><strong>74</strong></span> <span class='ocrx_word' id='word_1_2' title='bbox 459 111 689 180; x_wconf 79' lang='lat' dir='ltr'><strong>QUINTILIANI</strong></span> 
     </span>
    </p>
   </div>
   <div class='ocr_carea' id='block_1_2' title="bbox 56 276 1064 896">
    <p class='ocr_par' dir='ltr' id='par_1_2' title="bbox 92 276 1062 629">
     <span class='ocr_line' id='line_1_2' title="bbox 93 276 1061 363; baseline 0 -19"><span class='ocrx_word' id='word_1_3' title='bbox 93 300 156 362; x_wconf 91' lang='lat' dir='ltr'><strong>qua</strong></span> <span class='ocrx_word' id='word_1_4' title='bbox 183 282 295 343; x_wconf 86' lang='lat' dir='ltr'><strong>tamen</strong></span> <span class='ocrx_word' id='word_1_5' title='bbox 327 276 470 343; x_wconf 84' lang='lat' dir='ltr'><strong>vindicta</strong></span> <span class='ocrx_word' id='word_1_6' title='bbox 501 276 676 361; x_wconf 74' lang='lat' dir='ltr'><strong>contingat</strong></span> <span class='ocrx_word' id='word_1_7' title='bbox 725 298 784 362; x_wconf 87' lang='lat' dir='ltr'><strong>per</strong></span> <span class='ocrx_word' id='word_1_8' title='bbox 814 298 850 342; x_wconf 90' lang='lat' dir='ltr'><strong>se</strong></span> <span class='ocrx_word' id='word_1_9' title='bbox 882 276 1061 363; x_wconf 85' lang='lat' dir='ltr'><strong>indignum</strong></span> 
     </span>
     <span class='ocr_line' id='line_1_3' title="bbox 93 365 1061 453; baseline 0.002 -22"><span class='ocrx_word' id='word_1_10' title='bbox 93 370 175 448; x_wconf 88' lang='lat' dir='ltr'><strong>erat,</strong></span> <span class='ocrx_word' id='word_1_11' title='bbox 202 370 367 450; x_wconf 77' lang='lat' dir='ltr'><strong>raptorem</strong></span> <span class='ocrx_word' id='word_1_12' title='bbox 394 367 514 451; x_wconf 91' lang='lat' dir='ltr'><strong>inpune</strong></span> <span class='ocrx_word' id='word_1_13' title='bbox 541 365 671 452; x_wconf 74' lang='lat' dir='ltr'><strong>fecisse,</strong></span> <span class='ocrx_word' id='word_1_14' title='bbox 702 366 873 453; x_wconf 88' lang='lat' dir='ltr'><strong>indignum</strong></span> <span class='ocrx_word' id='word_1_15' title='bbox 895 371 983 451; x_wconf 87' lang='lat' dir='ltr'><strong>erat,</strong></span> <span class='ocrx_word' id='word_1_16' title='bbox 1011 368 1061 433; x_wconf 91' lang='lat' dir='ltr'><strong>in·</strong></span> 
     </span>
     <span class='ocr_line' id='line_1_4' title="bbox 92 454 1062 540; baseline 0.001 -20"><span class='ocrx_word' id='word_1_17' title='bbox 92 455 178 520; x_wconf 89' lang='lat' dir='ltr'><strong>iuste</strong></span> <span class='ocrx_word' id='word_1_18' title='bbox 200 454 405 540; x_wconf 78' lang='lat' dir='ltr'><strong>repudiatam</strong></span> <span class='ocrx_word' id='word_1_19' title='bbox 428 476 498 521; x_wconf 85' lang='lat' dir='ltr'><strong>esse</strong></span> <span class='ocrx_word' id='word_1_20' title='bbox 521 477 668 522; x_wconf 84' lang='lat' dir='ltr'><strong>uxorem:</strong></span> <span class='ocrx_word' id='word_1_21' title='bbox 691 455 821 540; x_wconf 86' lang='lat' dir='ltr'><strong>utrique</strong></span> <span class='ocrx_word' id='word_1_22' title='bbox 841 455 972 522; x_wconf 83' lang='lat' dir='ltr'><strong>crimini</strong></span> <span class='ocrx_word' id='word_1_23' title='bbox 991 477 1062 523; x_wconf 89' lang='lat' dir='ltr'><strong>una</strong></span> 
     </span>
     <span class='ocr_line' id='line_1_5' title="bbox 92 544 1061 629; baseline 0.002 -19"><span class='ocrx_word' id='word_1_24' title='bbox 92 565 199 629; x_wconf 88' lang='lat' dir='ltr'><strong>poena</strong></span> <span class='ocrx_word' id='word_1_25' title='bbox 231 545 306 629; x_wconf 89' lang='lat' dir='ltr'><strong>erit,</strong></span> <span class='ocrx_word' id='word_1_26' title='bbox 344 545 426 610; x_wconf 81' lang='lat' dir='ltr'><strong>leuis</strong></span> <span class='ocrx_word' id='word_1_27' title='bbox 459 544 597 629; x_wconf 91' lang='lat' dir='ltr'><strong>quidem.</strong></span> <span class='ocrx_word' id='word_1_28' title='bbox 651 547 685 609; x_wconf 92' lang='lat' dir='ltr'><strong>et</strong></span> <span class='ocrx_word' id='word_1_29' title='bbox 722 566 799 610; x_wconf 88' lang='lat' dir='ltr'><strong>sane</strong></span> <span class='ocrx_word' id='word_1_30' title='bbox 835 545 958 611; x_wconf 87' lang='lat' dir='ltr'><strong>habeat</strong></span> <span class='ocrx_word' id='word_1_31' title='bbox 995 544 1061 612; x_wconf 89' lang='lat' dir='ltr'><strong>hoc</strong></span> 
     </span>
    </p>

    <p class='ocr_par' dir='ltr' id='par_1_3' title="bbox 56 632 1064 896">
     <span class='ocr_line' id='line_1_6' title="bbox 56 632 1060 720; baseline 0 -19"><span class='ocrx_word' id='word_1_32' title='bbox 56 633 218 701; x_wconf 79' lang='lat' dir='ltr'><strong>elucrum</strong></span> <span class='ocrx_word' id='word_1_33' title='bbox 241 654 363 718; x_wconf 83' lang='lat' dir='ltr'><strong>magna</strong></span> <span class='ocrx_word' id='word_1_34' title='bbox 384 633 544 719; x_wconf 73' lang='lat' dir='ltr'><strong>nequitia,</strong></span> <span class='ocrx_word' id='word_1_35' title='bbox 574 632 661 718; x_wconf 88' lang='lat' dir='ltr'><strong>quod</strong></span> <span class='ocrx_word' id='word_1_36' title='bbox 682 654 749 701; x_wconf 91' lang='lat' dir='ltr'><strong>non</strong></span> <span class='ocrx_word' id='word_1_37' title='bbox 770 633 840 700; x_wconf 88' lang='lat' dir='ltr'><strong>fere</strong></span> <span class='ocrx_word' id='word_1_38' title='bbox 861 633 974 719; x_wconf 90' lang='lat' dir='ltr'><strong>puniri</strong></span> <span class='ocrx_word' id='word_1_39' title='bbox 996 656 1060 720; x_wconf 91' lang='lat' dir='ltr'><strong>pro</strong></span> 
     </span>
     <span class='ocr_line' id='line_1_7' title="bbox 94 722 1064 809; baseline 0.003 -23"><span class='ocrx_word' id='word_1_40' title='bbox 94 722 218 788; x_wconf 88' lang='lat' dir='ltr'><strong>meritis</strong></span> <span class='ocrx_word' id='word_1_41' title='bbox 253 727 373 809; x_wconf 89' lang='lat' dir='ltr'><strong>potest.</strong></span> <span class='ocrx_word' id='word_1_42' title='bbox 432 722 475 788; x_wconf 91' lang='lat' dir='ltr'><strong>ab</strong></span> <span class='ocrx_word' id='word_1_43' title='bbox 510 723 569 788; x_wconf 88' lang='lat' dir='ltr'><strong>illa</strong></span> <span class='ocrx_word' id='word_1_44' title='bbox 602 722 733 807; x_wconf 90' lang='lat' dir='ltr'><strong>quidem</strong></span> <span class='ocrx_word' id='word_1_45' title='bbox 765 727 861 808; x_wconf 87' lang='lat' dir='ltr'><strong>rapta</strong></span> <span class='ocrx_word' id='word_1_46' title='bbox 892 722 1064 790; x_wconf 82' lang='lat' dir='ltr'><strong>vindicabi</strong></span> 
     </span>
     <span class='ocr_line' id='line_1_8' title="bbox 92 832 257 896; baseline 0.018 -21"><span class='ocrx_word' id='word_1_47' title='bbox 92 832 151 876; x_wconf 90' lang='lat' dir='ltr'><strong>nos</strong></span> <span class='ocrx_word' id='word_1_48' title='bbox 175 833 257 896; x_wconf 84' lang='lat' dir='ltr'><strong>rpsu.</strong></span> 
     </span>
    </p>
   </div>
   <div class='ocr_carea' id='block_1_3' title="bbox 194 915 955 1126">
    <p class='ocr_par' dir='ltr' id='par_1_4' title="bbox 194 915 955 1126">
     <span class='ocr_line' id='line_1_9' title="bbox 475 915 671 986; baseline 0.005 -2"><span class='ocrx_word' id='word_1_49' title='bbox 475 915 671 986; x_wconf 70' lang='lat' dir='ltr'><strong>ocanni.</strong></span> 
     </span>
     <span class='ocr_line' id='line_1_10' title="bbox 194 1034 955 1126; baseline 0.004 -16"><span class='ocrx_word' id='word_1_50' title='bbox 194 1040 464 1126; x_wconf 81' lang='lat' dir='ltr'><strong>Ignominiosus</strong></span> <span class='ocrx_word' id='word_1_51' title='bbox 487 1042 611 1111; x_wconf 88' lang='lat' dir='ltr'><strong>contra</strong></span> <span class='ocrx_word' id='word_1_52' title='bbox 633 1043 710 1111; x_wconf 89' lang='lat' dir='ltr'><strong>tres</strong></span> <span class='ocrx_word' id='word_1_53' title='bbox 732 1034 955 1125; x_wconf 73' lang='lat' dir='ltr'><strong>rogationes.</strong></span> 
     </span>
    </p>
   </div>
   <div class='ocr_carea' id='block_1_4' title="bbox 37 1167 1061 1698">
    <p class='ocr_par' dir='ltr' id='par_1_5' title="bbox 37 1167 1061 1698">
     <span class='ocr_line' id='line_1_11' title="bbox 37 1167 1060 1246; baseline 0.005 -13"><span class='ocrx_word' id='word_1_54' title='bbox 37 1186 73 1234; x_wconf 78' lang='lat' dir='ltr'><strong>ro</strong></span> <span class='ocrx_word' id='word_1_55' title='bbox 92 1167 158 1246; x_wconf 82' lang='lat' dir='ltr'><strong>Qur</strong></span> <span class='ocrx_word' id='word_1_56' title='bbox 194 1186 319 1238; x_wconf 82' lang='lat' dir='ltr'><strong>rursus</strong></span> <span class='ocrx_word' id='word_1_57' title='bbox 360 1185 622 1236; x_wconf 75' lang='lat' dir='ltr'><strong>nocnmoumus</strong></span> <span class='ocrx_word' id='word_1_58' title='bbox 659 1185 944 1235; x_wconf 75' lang='lat' dir='ltr'><strong>conrannrxuum</strong></span> <span class='ocrx_word' id='word_1_59' title='bbox 986 1187 1060 1239; x_wconf 81' lang='lat' dir='ltr'><strong>uuo</strong></span> 
     </span>
     <span class='ocr_line' id='line_1_12' title="bbox 181 1257 1061 1344; baseline 0.003 -22"><span class='ocrx_word' id='word_1_60' title='bbox 181 1274 729 1341; x_wconf 80' lang='lat' dir='ltr'><strong>nnuuuarr,1suon1urosuss1r.</strong></span> <span class='ocrx_word' id='word_1_61' title='bbox 763 1257 898 1325; x_wconf 83' lang='lat' dir='ltr'><strong>Duabus</strong></span> <span class='ocrx_word' id='word_1_62' title='bbox 922 1259 1061 1344; x_wconf 90' lang='lat' dir='ltr'><strong>quidam</strong></span> 
     </span>
     <span class='ocr_line' id='line_1_13' title="bbox 181 1347 1060 1432; baseline 0.007 -21"><span class='ocrx_word' id='word_1_63' title='bbox 181 1347 405 1432; x_wconf 77' lang='lat' dir='ltr'><strong>rogationibus</strong></span> <span class='ocrx_word' id='word_1_64' title='bbox 442 1347 652 1432; x_wconf 83' lang='lat' dir='ltr'><strong>contradixit3</strong></span> <span class='ocrx_word' id='word_1_65' title='bbox 688 1369 755 1413; x_wconf 93' lang='lat' dir='ltr'><strong>non</strong></span> <span class='ocrx_word' id='word_1_66' title='bbox 789 1347 905 1415; x_wconf 87' lang='lat' dir='ltr'><strong>tenuit.</strong></span> <span class='ocrx_word' id='word_1_67' title='bbox 955 1350 1060 1416; x_wconf 83' lang='lat' dir='ltr'><strong>tertia</strong></span> 
     </span>
     <span class='ocr_line' id='line_1_14' title="bbox 181 1435 1060 1523; baseline 0.006 -23"><span class='ocrx_word' id='word_1_68' title='bbox 181 1436 310 1521; x_wconf 88' lang='lat' dir='ltr'><strong>rogatio</strong></span> <span class='ocrx_word' id='word_1_69' title='bbox 332 1435 510 1521; x_wconf 86' lang='lat' dir='ltr'><strong>ferebatur,</strong></span> <span class='ocrx_word' id='word_1_70' title='bbox 538 1459 603 1523; x_wconf 88' lang='lat' dir='ltr'><strong>qua</strong></span> <span class='ocrx_word' id='word_1_71' title='bbox 624 1436 804 1522; x_wconf 79' lang='lat' dir='ltr'><strong>ignominia</strong></span> <span class='ocrx_word' id='word_1_72' title='bbox 826 1436 1060 1505; x_wconf 80' lang='lat' dir='ltr'><strong>remittebatur</strong></span> 
     </span>
     <span class='ocr_line' id='line_1_15' title="bbox 181 1524 1059 1609; baseline 0.008 -21"><span class='ocrx_word' id='word_1_73' title='bbox 181 1525 318 1591; x_wconf 88' lang='lat' dir='ltr'><strong>notatis:</strong></span> <span class='ocrx_word' id='word_1_74' title='bbox 337 1524 532 1592; x_wconf 83' lang='lat' dir='ltr'><strong>contradixit</strong></span> <span class='ocrx_word' id='word_1_75' title='bbox 551 1530 583 1592; x_wconf 86' lang='lat' dir='ltr'><strong>et</strong></span> <span class='ocrx_word' id='word_1_76' title='bbox 602 1525 691 1609; x_wconf 82' lang='lat' dir='ltr'><strong>huic;</strong></span> <span class='ocrx_word' id='word_1_77' title='bbox 708 1547 775 1592; x_wconf 91' lang='lat' dir='ltr'><strong>uon</strong></span> <span class='ocrx_word' id='word_1_78' title='bbox 788 1527 903 1594; x_wconf 87' lang='lat' dir='ltr'><strong>tenuit.</strong></span> <span class='ocrx_word' id='word_1_79' title='bbox 934 1525 1059 1595; x_wconf 87' lang='lat' dir='ltr'><strong>dicitur</strong></span> 
     </span>
     <span class='ocr_line' id='line_1_16' title="bbox 180 1614 427 1698; baseline 0.008 -20"><span class='ocrx_word' id='word_1_80' title='bbox 180 1614 427 1698; x_wconf 86' lang='lat' dir='ltr'><strong>ignominiosus.</strong></span> 
     </span>
    </p>
   </div>
   <div class='ocr_carea' id='block_1_5' title="bbox 403 1770 742 1840">
    <p class='ocr_par' dir='ltr' id='par_1_6' title="bbox 403 1770 742 1840">
     <span class='ocr_line' id='line_1_17' title="bbox 403 1770 742 1840; baseline 0.006 -2"><span class='ocrx_word' id='word_1_81' title='bbox 403 1770 742 1840; x_wconf 82' lang='lat' dir='ltr'><strong>DECLAMATIO.</strong></span> 
     </span>
    </p>
   </div>
   <div class='ocr_carea' id='block_1_6' title="bbox 34 1876 1060 2969">
    <p class='ocr_par' dir='ltr' id='par_1_7' title="bbox 35 1876 1060 2606">
     <span class='ocr_line' id='line_1_18' title="bbox 153 1876 1058 2003; baseline 0.009 -41"><span class='ocrx_word' id='word_1_82' title='bbox 153 1895 258 1974; x_wconf 84' lang='lat' dir='ltr'><strong>Quit</strong></span> <span class='ocrx_word' id='word_1_83' title='bbox 243 1898 370 1965; x_wconf 91' lang='lat' dir='ltr'><strong>tribus</strong></span> <span class='ocrx_word' id='word_1_84' title='bbox 388 1903 502 2003; x_wconf 86' lang='lat' dir='ltr'><strong>rogat</strong></span> <span class='ocrx_word' id='word_1_85' title='bbox 487 1899 664 1965; x_wconf 75' lang='lat' dir='ltr'><strong>tionibus</strong></span> <span class='ocrx_word' id='word_1_86' title='bbox 683 1876 968 1967; x_wconf 84' lang='lat' dir='ltr'><strong>contradixerit</strong></span> <span class='ocrx_word' id='word_1_87' title='bbox 985 1916 1058 1969; x_wconf 88' lang='lat' dir='ltr'><strong>nec</strong></span> 
     </span>
     <span class='ocr_line' id='line_1_19' title="bbox 90 1988 675 2073; baseline 0.003 -21"><span class='ocrx_word' id='word_1_88' title='bbox 90 1988 266 2053; x_wconf 91' lang='lat' dir='ltr'><strong>tenuerit</strong></span> <span class='ocrx_word' id='word_1_89' title='bbox 270 1989 588 2073; x_wconf 88' lang='lat' dir='ltr'><strong>,ignominiosus</strong></span> <span class='ocrx_word' id='word_1_90' title='bbox 613 1989 675 2054; x_wconf 93' lang='lat' dir='ltr'><strong>sit</strong></span> 
     </span>
     <span class='ocr_line' id='line_1_20' title="bbox 158 2074 1060 2163; baseline 0.009 -24"><span class='ocrx_word' id='word_1_91' title='bbox 158 2074 225 2140; x_wconf 84' lang='lat' dir='ltr'><strong>Lex</strong></span> <span class='ocrx_word' id='word_1_92' title='bbox 252 2076 426 2141; x_wconf 81' lang='lat' dir='ltr'><strong>manifesta</strong></span> <span class='ocrx_word' id='word_1_93' title='bbox 452 2077 529 2159; x_wconf 85' lang='lat' dir='ltr'><strong>&lt;et&gt;</strong></span> <span class='ocrx_word' id='word_1_94' title='bbox 558 2075 714 2161; x_wconf 84' lang='lat' dir='ltr'><strong>(fortasse</strong></span> <span class='ocrx_word' id='word_1_95' title='bbox 746 2099 982 2163; x_wconf 84' lang='lat' dir='ltr'><strong>supervacuum</strong></span> <span class='ocrx_word' id='word_1_96' title='bbox 1011 2087 1060 2148; x_wconf 78' lang='lat' dir='ltr'><strong>cst</strong></span> 
     </span>
     <span class='ocr_line' id='line_1_21' title="bbox 35 2164 1057 2253; baseline 0.008 -25"><span class='ocrx_word' id='word_1_97' title='bbox 35 2179 71 2229; x_wconf 81' lang='lat' dir='ltr'><strong>ao</strong></span> <span class='ocrx_word' id='word_1_98' title='bbox 90 2164 228 2245; x_wconf 81' lang='lat' dir='ltr'><strong>adicere,</strong></span> <span class='ocrx_word' id='word_1_99' title='bbox 246 2169 469 2231; x_wconf 85' lang='lat' dir='ltr'><strong>verumtamen</strong></span> <span class='ocrx_word' id='word_1_100' title='bbox 481 2167 684 2250; x_wconf 79' lang='lat' dir='ltr'><strong>permittitur</strong></span> <span class='ocrx_word' id='word_1_101' title='bbox 697 2170 730 2233; x_wconf 89' lang='lat' dir='ltr'><strong>et</strong></span> <span class='ocrx_word' id='word_1_102' title='bbox 743 2166 806 2233; x_wconf 90' lang='lat' dir='ltr'><strong>hoc</strong></span> <span class='ocrx_word' id='word_1_103' title='bbox 820 2166 941 2253; x_wconf 85' lang='lat' dir='ltr'><strong>dicere)</strong></span> <span class='ocrx_word' id='word_1_104' title='bbox 957 2169 1057 2236; x_wconf 89' lang='lat' dir='ltr'><strong>iusta.</strong></span> 
     </span>
     <span class='ocr_line' id='line_1_22' title="bbox 92 2252 1055 2343; baseline 0.009 -27"><span class='ocrx_word' id='word_1_105' title='bbox 92 2253 163 2336; x_wconf 87' lang='lat' dir='ltr'><strong>quis</strong></span> <span class='ocrx_word' id='word_1_106' title='bbox 192 2252 323 2336; x_wconf 85' lang='lat' dir='ltr'><strong>&lt;enim&gt;</strong></span> <span class='ocrx_word' id='word_1_107' title='bbox 350 2252 473 2318; x_wconf 87' lang='lat' dir='ltr'><strong>maiore</strong></span> <span class='ocrx_word' id='word_1_108' title='bbox 504 2255 686 2340; x_wconf 76' lang='lat' dir='ltr'><strong>ignominia</strong></span> <span class='ocrx_word' id='word_1_109' title='bbox 712 2255 828 2342; x_wconf 87' lang='lat' dir='ltr'><strong>dignus</strong></span> <span class='ocrx_word' id='word_1_110' title='bbox 858 2260 920 2339; x_wconf 86' lang='lat' dir='ltr'><strong>est,</strong></span> <span class='ocrx_word' id='word_1_111' title='bbox 953 2279 1055 2343; x_wconf 89' lang='lat' dir='ltr'><strong>quam</strong></span> 
     </span>
     <span class='ocr_line' id='line_1_23' title="bbox 89 2306 1056 2447; baseline 0.007 -41"><span class='ocrx_word' id='word_1_112' title='bbox 89 2341 188 2407; x_wconf 91' lang='lat' dir='ltr'><strong>homo</strong></span> <span class='ocrx_word' id='word_1_113' title='bbox 211 2342 389 2426; x_wconf 89' lang='lat' dir='ltr'><strong>inquietus,</strong></span> <span class='ocrx_word' id='word_1_114' title='bbox 414 2342 470 2427; x_wconf 92' lang='lat' dir='ltr'><strong>qui</strong></span> <span class='ocrx_word' id='word_1_115' title='bbox 491 2343 631 2447; x_wconf 77' lang='lat' dir='ltr'><strong>publicis</strong></span> <span class='ocrx_word' id='word_1_116' title='bbox 655 2345 746 2410; x_wconf 91' lang='lat' dir='ltr'><strong>utilit</strong></span> <span class='ocrx_word' id='word_1_117' title='bbox 747 2345 854 2411; x_wconf 88' lang='lat' dir='ltr'><strong>atibus</strong></span> <span class='ocrx_word' id='word_1_118' title='bbox 877 2306 929 2411; x_wconf 76' lang='lat' dir='ltr'><strong>te&#39;r</strong></span> <span class='ocrx_word' id='word_1_119' title='bbox 952 2346 1056 2414; x_wconf 90' lang='lat' dir='ltr'><strong>obsti·</strong></span> 
     </span>
     <span class='ocr_line' id='line_1_24' title="bbox 89 2430 1055 2518; baseline 0.008 -22.135"><span class='ocrx_word' id='word_1_120' title='bbox 89 2430 190 2497; x_wconf 80' lang='lat' dir='ltr'><strong>terit?</strong></span> <span class='ocrx_word' id='word_1_121' title='bbox 214 2432 270 2517; x_wconf 92' lang='lat' dir='ltr'><strong>qui</strong></span> <span class='ocrx_word' id='word_1_122' title='bbox 292 2453 333 2497; x_wconf 91' lang='lat' dir='ltr'><strong>ne</strong></span> <span class='ocrx_word' id='word_1_123' title='bbox 357 2434 446 2497; x_wconf 90' lang='lat' dir='ltr'><strong>metu</strong></span> <span class='ocrx_word' id='word_1_124' title='bbox 469 2432 626 2516; x_wconf 89' lang='lat' dir='ltr'><strong>quidem</strong></span> <span class='ocrx_word' id='word_1_125' title='bbox 616 2435 815 2518; x_wconf 79' lang='lat' dir='ltr'><strong>ignominiae</strong></span> <span class='ocrx_word' id='word_1_126' title='bbox 829 2434 871 2500; x_wconf 89' lang='lat' dir='ltr'><strong>ad</strong></span> <span class='ocrx_word' id='word_1_127' title='bbox 885 2436 1055 2504; x_wconf 85' lang='lat' dir='ltr'><strong>silentium</strong></span> 
     </span>
     <span class='ocr_line' id='line_1_25' title="bbox 90 2520 724 2625; baseline 0.006 -41"><span class='ocrx_word' id='word_1_128' title='bbox 90 2521 258 2606; x_wconf 88' lang='lat' dir='ltr'><strong>compelli,</strong></span> <span class='ocrx_word' id='word_1_129' title='bbox 282 2520 400 2587; x_wconf 88' lang='lat' dir='ltr'><strong>saltem</strong></span> <span class='ocrx_word' id='word_1_130' title='bbox 422 2520 536 2601; x_wconf 88' lang='lat' dir='ltr'><strong>tertio,</strong></span> <span class='ocrx_word' id='word_1_131' title='bbox 557 2522 724 2625; x_wconf 77' lang='lat' dir='ltr'><strong>potuerit?</strong></span> 
     </span>
    </p>

    <p class='ocr_par' dir='ltr' id='par_1_8' title="bbox 34 2607 1057 2969">
     <span class='ocr_line' id='line_1_26' title="bbox 34 2607 1057 2703; baseline 0.009 -31"><span class='ocrx_word' id='word_1_132' title='bbox 34 2623 71 2672; x_wconf 74' lang='lat'><strong>25</strong></span> <span class='ocrx_word' id='word_1_133' title='bbox 156 2607 247 2693; x_wconf 81' lang='lat' dir='ltr'><strong>Ergo</strong></span> <span class='ocrx_word' id='word_1_134' title='bbox 275 2609 314 2674; x_wconf 88' lang='lat' dir='ltr'><strong>dc</strong></span> <span class='ocrx_word' id='word_1_135' title='bbox 342 2610 414 2694; x_wconf 90' lang='lat' dir='ltr'><strong>lege</strong></span> <span class='ocrx_word' id='word_1_136' title='bbox 441 2609 536 2675; x_wconf 91' lang='lat' dir='ltr'><strong>dubit</strong></span> <span class='ocrx_word' id='word_1_137' title='bbox 521 2610 585 2675; x_wconf 89' lang='lat' dir='ltr'><strong>tari</strong></span> <span class='ocrx_word' id='word_1_138' title='bbox 612 2611 693 2676; x_wconf 93' lang='lat' dir='ltr'><strong>nihil</strong></span> <span class='ocrx_word' id='word_1_139' title='bbox 721 2616 780 2698; x_wconf 93' lang='lat' dir='ltr'><strong>pot</strong></span> <span class='ocrx_word' id='word_1_140' title='bbox 781 2617 844 2678; x_wconf 90' lang='lat' dir='ltr'><strong>est:</strong></span> <span class='ocrx_word' id='word_1_141' title='bbox 877 2613 1057 2703; x_wconf 85' lang='lat' dir='ltr'><strong>videamus,</strong></span> 
     </span>
     <span class='ocr_line' id='line_1_27' title="bbox 91 2697 1056 2787; baseline 0.012 -26"><span class='ocrx_word' id='word_1_142' title='bbox 91 2718 133 2761; x_wconf 91' lang='lat' dir='ltr'><strong>an</strong></span> <span class='ocrx_word' id='word_1_143' title='bbox 157 2697 242 2762; x_wconf 90' lang='lat' dir='ltr'><strong>hic&#39;</strong></span> <span class='ocrx_word' id='word_1_144' title='bbox 233 2719 267 2762; x_wconf 91' lang='lat' dir='ltr'><strong>m</strong></span> <span class='ocrx_word' id='word_1_145' title='bbox 290 2697 395 2784; x_wconf 88' lang='lat' dir='ltr'><strong>legem</strong></span> <span class='ocrx_word' id='word_1_146' title='bbox 417 2699 575 2765; x_wconf 90' lang='lat' dir='ltr'><strong>inciderit</strong></span> <span class='ocrx_word' id='word_1_147' title='bbox 607 2700 711 2766; x_wconf 87' lang='lat' dir='ltr'><strong>tribus</strong></span> <span class='ocrx_word' id='word_1_148' title='bbox 731 2703 958 2787; x_wconf 85' lang='lat' dir='ltr'><strong>rogationibus</strong></span> <span class='ocrx_word' id='word_1_149' title='bbox 977 2726 1056 2771; x_wconf 89' lang='lat' dir='ltr'><strong>con·</strong></span> 
     </span>
     <span class='ocr_line' id='line_1_28' title="bbox 89 2784 1055 2878; baseline 0.013 -29"><span class='ocrx_word' id='word_1_150' title='bbox 89 2784 235 2851; x_wconf 88' lang='lat' dir='ltr'><strong>tradixit.</strong></span> <span class='ocrx_word' id='word_1_151' title='bbox 267 2808 346 2851; x_wconf 93' lang='lat' dir='ltr'><strong>num</strong></span> <span class='ocrx_word' id='word_1_152' title='bbox 364 2787 511 2856; x_wconf 82' lang='lat' dir='ltr'><strong>fallimur</strong></span> <span class='ocrx_word' id='word_1_153' title='bbox 529 2789 688 2855; x_wconf 85' lang='lat' dir='ltr'><strong>numero?</strong></span> <span class='ocrx_word' id='word_1_154' title='bbox 706 2813 784 2856; x_wconf 92' lang='lat' dir='ltr'><strong>num</strong></span> <span class='ocrx_word' id='word_1_155' title='bbox 803 2791 926 2878; x_wconf 85' lang='lat' dir='ltr'><strong>aliquid</strong></span> <span class='ocrx_word' id='word_1_156' title='bbox 940 2793 1055 2861; x_wconf 86' lang='lat' dir='ltr'><strong>adver-</strong></span> 
     </span>
     <span class='ocr_line' id='line_1_29' title="bbox 90 2875 1051 2969; baseline 0.014 -30"><span class='ocrx_word' id='word_1_157' title='bbox 90 2896 144 2940; x_wconf 90' lang='lat' dir='ltr'><strong>sus</strong></span> <span class='ocrx_word' id='word_1_158' title='bbox 164 2875 262 2940; x_wconf 88' lang='lat' dir='ltr'><strong>istum</strong></span> <span class='ocrx_word' id='word_1_159' title='bbox 281 2876 478 2947; x_wconf 80' lang='lat' dir='ltr'><strong>mentimur?</strong></span> <span class='ocrx_word' id='word_1_160' title='bbox 505 2898 572 2943; x_wconf 93' lang='lat' dir='ltr'><strong>non</strong></span> <span class='ocrx_word' id='word_1_161' title='bbox 587 2880 650 2961; x_wconf 91' lang='lat' dir='ltr'><strong>[ut]</strong></span> <span class='ocrx_word' id='word_1_162' title='bbox 667 2879 792 2964; x_wconf 88' lang='lat' dir='ltr'><strong>opinor,</strong></span> <span class='ocrx_word' id='word_1_163' title='bbox 810 2881 918 2969; x_wconf 91' lang='lat' dir='ltr'><strong>ipsum</strong></span> <span class='ocrx_word' id='word_1_164' title='bbox 933 2883 998 2950; x_wconf 91' lang='lat' dir='ltr'><strong>salt</strong></span> <span class='ocrx_word' id='word_1_165' title='bbox 983 2888 1051 2951; x_wconf 93' lang='lat' dir='ltr'><strong>tem</strong></span> 
     </span>
    </p>
   </div>
   <div class='ocr_carea' id='block_1_7' title="bbox 87 3050 1052 3198">
    <p class='ocr_par' dir='ltr' id='par_1_9' title="bbox 87 3050 1052 3190">
     <span class='ocr_line' id='line_1_30' title="bbox 161 3050 1052 3133; baseline 0.013 -29"><span class='ocrx_word' id='word_1_166' title='bbox 161 3050 420 3122; x_wconf 74' lang='lat' dir='ltr'><strong>leontinaatn,</strong></span> <span class='ocrx_word' id='word_1_167' title='bbox 436 3066 505 3125; x_wconf 68' lang='grc' dir='ltr'><strong>Μ</strong></span> <span class='ocrx_word' id='word_1_168' title='bbox 548 3087 620 3130; x_wconf 59' lang='lat'><strong>4,</strong></span> <span class='ocrx_word' id='word_1_169' title='bbox 641 3053 723 3133; x_wconf 74' lang='lat' dir='ltr'><strong>Ro,</strong></span> <span class='ocrx_word' id='word_1_170' title='bbox 737 3070 808 3112; x_wconf 83' lang='lat' dir='ltr'><strong>corr.</strong></span> <span class='ocrx_word' id='word_1_171' title='bbox 828 3055 869 3113; x_wconf 76' lang='lat' dir='ltr'><strong>Gr</strong></span> <span class='ocrx_word' id='word_1_172' title='bbox 895 3058 905 3126; x_wconf 81' lang='lat' dir='ltr'><strong>d</strong></span> <span class='ocrx_word' id='word_1_173' title='bbox 931 3057 989 3115; x_wconf 90' lang='lat' dir='ltr'><strong>iud</strong></span> <span class='ocrx_word' id='word_1_174' title='bbox 1009 3063 1052 3116; x_wconf 87' lang='lat' dir='ltr'><strong>est</strong></span> 
     </span>
     <span class='ocr_line' id='line_1_31' title="bbox 87 3120 1052 3198; baseline 0.012 -24"><span class='ocrx_word' id='word_1_175' title='bbox 87 3121 181 3190; x_wconf 67' lang='lat' dir='ltr'><strong>nait</strong></span> <span class='ocrx_word' id='word_1_176' title='bbox 200 3120 380 3198; x_wconf 60' lang='lat' dir='ltr'><strong>iniusta!</strong></span> <span class='ocrx_word' id='word_1_177' title='bbox 725 3163 726 3166; x_wconf 59' lang='lat'><em>=</em></span> <span class='ocrx_word' id='word_1_178' title='bbox 787 3131 859 3183; x_wconf 78' lang='grc' dir='ltr'>Ι</span> <span class='ocrx_word' id='word_1_179' title='bbox 871 3127 1052 3197; x_wconf 68' lang='lat' dir='ltr'><strong>inindicarit</strong></span> 
     </span>
    </p>
   </div>
   <div class='ocr_carea' id='block_1_8' title="bbox 87 3192 1052 3467">
    <p class='ocr_par' dir='ltr' id='par_1_10' title="bbox 87 3192 1052 3467">
     <span class='ocr_line' id='line_1_32' title="bbox 87 3192 1052 3467; baseline 0.011 -203"><span class='ocrx_word' id='word_1_180' title='bbox 87 3192 262 3294; x_wconf 71' lang='lat' dir='ltr'><strong>mir·</strong></span> <span class='ocrx_word' id='word_1_181' title='bbox 881 3198 1052 3467; x_wconf 47' lang='lat' dir='ltr'><strong>&#39;Mtgpt</strong></span> 
     </span>
    </p>
   </div>
   <div class='ocr_carea' id='block_1_9' title="bbox 0 0 1198 3814">
    <p class='ocr_par' dir='ltr' id='par_1_11' title="bbox 0 0 1198 3814">
     <span class='ocr_line' id='line_1_33' title="bbox 0 0 1198 3814; baseline 0 0"><span class='ocrx_word' id='word_1_182' title='bbox 0 0 1198 3814; x_wconf 95' lang='lat' dir='ltr'><strong> </strong></span> 
     </span>
    </p>
   </div>
  </div>
 </body>
</html>
