2386 3816
159 144 213 199 XII
531 139 748 196 PRAEFATIO.

228 295 367 355 Aliorum
395 294 529 354 codicum
557 292 783 367 deperditorum
805 290 936 368 vestigia
958 280 1125 367 deprehen·
1167 315 1171 319 ·

162 394 275 453 duntur
293 392 373 468 apud
391 381 457 449 XVi
475 394 506 450 et
519 381 601 448 XIIIi
620 380 705 450 saec.i
722 389 802 449 viros
821 390 933 449 doctos.
967 389 1009 448 Et
1026 388 1126 464 prima

162 491 283 567 quidem
300 491 408 549 harum
428 489 679 548 declamationum
692 486 804 546 mentio
822 486 943 546 videtur
961 486 1125 546 altudolfo

161 587 305 664 Agricola
320 579 526 667 (1443—85)
541 585 616 646 fieri.
648 583 741 644 Cuius
755 584 787 642 in
800 584 885 644 libris
900 585 936 643 de
951 584 1125 644 inventione

162 685 322 744 dialectica
344 685 447 744 insunt
469 684 525 742 illa
543 682 599 761 111,
619 684 675 741 14:
699 675 785 763 ,‚(nec
808 685 910 742 tamen
932 682 1006 742 adeo
1030 683 1126 742 vitan-

163 783 218 842 dus
242 784 315 843 ordo
337 786 447 859 rectus,
470 784 505 841 ut
530 780 686 840 credamus
709 798 769 839 non
792 780 944 839 interdum
967 779 1126 840 ratiocina-

162 881 275 941 tionem
293 884 390 941 totam
409 871 647 958 proferendam)
670 879 749 953 quod
773 882 804 938 et
827 876 1029 948 Quintilianus
1053 878 1128 960 fecit

162 980 193 1037 in
218 997 253 1038 ea
275 977 492 1037 declamatione
515 993 592 1051 quae
609 975 787 1034 inscribitur
806 969 1033 1052 ‘ignominiosus
1057 994 1125 1035 con·

162 1079 211 1134 tra
239 1079 302 1135 tres
325 1066 519 1150 rogationes'.
565 1073 661 1150 Ergo,
689 1073 801 1149 inquit,
826 1075 852 1133 si
876 1075 907 1132 et
929 1075 978 1132 lex
1000 1072 1126 1149 Ignomi-

161 1174 280 1233 niosum
303 1173 370 1231 vult
393 1190 459 1231 esse
483 1189 560 1246 eum,
583 1170 636 1245 qui
658 1173 705 1229 ter
729 1171 945 1231 contradixerit
966 1190 1022 1230 nec
1041 1175 1127 1231 tenu·

163 1272 233 1332 erit:
262 1274 294 1330 et
321 1270 370 1330 hic
398 1268 578 1329 contradixit
603 1271 651 1327 ter
677 1287 732 1327 nec
759 1270 870 1342 tenuit,
895 1270 1042 1345 quomodo
1065 1289 1126 1329 non

163 1369 203 1428 sit
234 1367 450 1443 ignominiosus
485 1364 613 1426 inveniri
639 1366 773 1441 profecto
800 1386 859 1426 non
887 1366 1026 1443 poterit.“
1067 1367 1126 1426 De·

161 1469 301 1542 prompta
320 1465 395 1524 haec
414 1483 450 1524 ex
468 1463 542 1524 decl.
563 1465 636 1538 263,
659 1464 712 1523 ubi
733 1456 776 1546 (p.
794 1466 843 1542 75,
859 1459 974 1546 3-6),
1003 1469 1127 1542 excepto

161 1564 215 1621 illo
245 1555 412 1638 ‘invenire'‚
438 1579 562 1638 prorsus
591 1562 695 1621 eadem
722 1562 816 1623 verba
843 1563 875 1620 in
902 1561 957 1621 Bc
986 1563 1126 1640 legimus,

164 1660 274 1720 similia
296 1661 327 1718 in
350 1660 387 1719 A.
433 1658 498 1729 Quo
522 1658 667 1735 efficitur,
691 1659 821 1718 secunda
843 1661 930 1735 parte
953 1651 1019 1718 XVi
1042 1653 1127 1722 saec.i

162 1758 270 1817 librum
300 1757 564 1833 declamationum,
590 1754 645 1814 Bc
674 1755 825 1814 codicibus
854 1757 1068 1835 propinquum,
1095 1760 1127 1818 in

162 1854 324 1914 Germania
347 1854 513 1916 delituisse.

230 1952 289 2012 Sed
317 1953 430 2012 eisdem
458 1953 522 2012 fere
549 1949 735 2026 temporibus
763 1949 900 2010 ablatum
923 1970 939 2011 e
964 1951 1127 2013 Germania

163 2051 293 2126 aliquem
323 2050 574 2110 declamationum
602 2050 714 2109 librum
741 2050 773 2107 et
800 2047 925 2108 missum
950 2050 982 2108 in
1003 2050 1127 2111 ItaIIam

163 2166 230 2208 esse
249 2146 389 2205 docemur
408 2164 462 2221 per
479 2146 522 2206 Ic.
535 2147 607 2206 Ant.
622 2144 818 2221 Campanum,
837 2147 889 2222 qui
907 2147 940 2206 ln
958 2144 1123 2230 epistola*)

162 2246 200 2304 ad
214 2245 263 2304 Fr.
278 2243 528 2317 Piccolominium‚
549 2244 731 2302 cardinalem
751 2242 921 2316 Senemem,
940 2236 1006 2325 (qui
1020 2248 1127 2322 postea

164 2375 378 2384 ——-

236 2442 263 2509 *)
284 2439 396 2494 Titulus
420 2439 556 2510 epistolae
579 2443 623 2495 cst
647 2456 779 2497 censurae
798 2439 826 2494 in
848 2439 1014 2506 Quintiliani
1031 2442 1126 2498 decla-

163 2511 311 2566 mationes.
343 2510 461 2581 Legitur
478 2511 508 2565 in
527 2510 813 2579 editione.„omnium
829 2511 965 2581 Campani
982 2519 1125 2581 operum“,

162 2581 264 2638 Venet.
293 2587 363 2636 1495
389 2582 514 2652 vulgata,
543 2583 591 2637 fol.
620 2582 710 2637 LXIII
737 2580 877 2654 vsJLXIV
898 2585 966 2638 rect.
989 2587 1074 2653 atque
1097 2584 1127 2640 in

161 2652 334 2709 editionibus
362 2653 544 2722 epistolarum
572 2653 720 2725 Campani3
758 2654 832 2708 unde
859 2652 889 2707 in
915 2652 1070 2708 Burmanni
1097 2658 1127 2710 et

162 2725 282 2780 aliorum
301 2724 439 2779 edIticnes
456 2727 571 2793 recepta
588 2728 641 2780 est.
657 2757 689 2765 -
706 2723 864 2780 Verisimile
879 2726 923 2779 est
935 2725 1029 2794 ipsum
1044 2725 1125 2781 Cam·

160 2812 276 2866 panum,
294 2797 355 2850 tum
374 2812 438 2849 cum
457 2811 551 2850 comes
570 2796 719 2851 cardinalis
739 2795 886 2864 Senensis,
905 2795 994 2866 legati
1012 2797 1042 2851 in
1061 2814 1125 2853 con·

161 2869 277 2922 ventum
295 2864 410 2935 imperii
425 2865 585 2921 Germanici
603 2867 694 2934 missi,
712 2867 897 2923 Ratisbonam
916 2870 1033 2922 venerat
1050 2885 1124 2924 anno

163 2944 243 3004 1471,
261 2937 364 2992 librum
383 2937 534 3007 indagasse
548 2939 578 2992 et
591 2938 796 3020 deportandum
810 2940 888 2992 trans
902 2937 988 3008 Alpes
1003 2955 1124 2997 curasse.

161 3009 265 3064 Multas
291 3008 366 3063 enim
390 3025 455 3063 eum
477 3008 507 3063 in
530 3007 582 3064 illo
600 3010 700 3064 itinere
719 3010 926 3080 perscrutatum
945 3026 1005 3065 esse
1023 3010 1125 3066 biblio·

162 3081 259 3135 thecas
273 3078 454 3134 Germanicas
473 3094 507 3134 ex
526 3079 716 3150 compluribus
735 3080 794 3136 eius
809 3081 946 3150 epistolis,
965 3081 1044 3136 velut
1058 3083 1126 3138 ulti-

161 3151 201 3206 mi
224 3151 290 3206 libri
312 3168 387 3206 nona
410 3151 451 3221 (in
476 3167 533 3220 qua
555 3150 607 3206 illa
629 3152 725 3206 insunt
747 3167 868 3221 „magna
887 3151 969 3222 copia
988 3153 1124 3208 librorum

161 3221 416 3278 vetustissimorum
433 3222 463 3277 in
481 3224 544 3278 tota
558 3221 710 3278 Germania
727 3225 785 3278 ests
805 3225 905 3292 patent
922 3222 1018 3278 aditus
1036 3225 1126 3279 omni·

161 3295 225 3348 bus:
249 3294 350 3348 mirum
373 3293 403 3347 in
426 3294 541 3348 modum
559 3293 744 3349 observantur
761 3295 845 3363 etc.“)
865 3296 894 3349 et
912 3295 985 3349 sexti
1002 3294 1069 3350 libri
1088 3297 1124 3350 ab

162 3364 263 3420 ultima
290 3362 377 3419 tertia
401 3364 441 3433 (in
465 3381 521 3433 que
543 3365 677 3436 descripti
699 3382 717 3420 a
740 3382 770 3420 se
792 3365 822 3419 in
847 3365 999 3421 Germania
1021 3367 1126 3422 codicis

154 3436 330 3489 mentionem
349 3434 433 3506 Iasii>
451 3440 579 3507 apparet.
