2386 3816
352 162 668 220 DECLAMATIONES.
688 163 800 221 CCCVI.
983 166 1046 232 199

82 327 320 394 concurrerunt
345 327 502 393 lateribus
526 328 631 394 nudis.
677 329 789 394 omnia
815 333 853 394 tu
876 329 953 394 licet
976 351 1047 395 cru-

84 416 205 591 didit?
228 415 470 501 excogitaveris,
493 416 641 484 fecerunt
664 422 775 484 tamen
799 418 921 484 bonum
941 441 1048 485 exem-

461 630 626 703 ,ccclx

130 736 344 841 nxpositus,
369 757 516 840 negatae
538 757 669 826 matris
692 758 838 843 nuptias
861 759 995 843 petens.
1067 777 1083 828 ι

84 880 226 949 Maritus
246 856 394 970 peregre
425 885 633 968 proficiscens
669 886 837 971 praecepit
867 887 975 970 uxori,
1011 889 1049 951 ut

176 976 306 1057 partum
330 978 513 1057 exponeret.
545 975 710 1060 expositus
730 979 780 1040 est
798 997 887 1060 puer.
910 975 1048 1041 maritus

176 1082 312 1147 peregre
343 1085 443 1129 uxore
470 1064 588 1130 herede
617 1064 763 1131 decessit.
740 1067 891 1149 tpost
918 1068 1048 1149 tempus

178 1152 309 1237 quidam
333 1151 532 1237 adulescens,
554 1153 645 1219 cuius
670 1157 759 1220 aetas
783 1174 855 1219 cum
874 1153 1047 1238 expositio-

174 1241 228 1306 nis
243 1244 390 1327 tempore
409 1244 619 1329 congruebat,
640 1242 748 1329 coepit
766 1242 871 1308 dicere
892 1264 926 1308 se
944 1243 1048 1307 filium
1068 1259 1104 1310 ιο

177 1333 210 1394 et
236 1330 324 1396 bona
356 1332 420 1396 sibi
452 1331 626 1397 vindicare.
681 1333 767 1398 inter
800 1354 908 1398 moras
936 1332 1048 1397 iudicii

177 1419 262 1484 bello
281 1419 367 1485 idem
386 1420 574 1487 adulescens
593 1422 723 1488 fortiter
740 1422 828 1487 fecit.
857 1422 941 1506 petit
959 1444 1050 1505 prae-

177 1508 243 1573 mio
266 1509 398 1595 nuptias
422 1511 505 1594 eius,
532 1535 632 1598 quam
660 1516 798 1577 matrem
822 1511 959 1596 dicebat,
983 1534 1049 1576 ma-

177 1600 275 1663 nente
298 1599 408 1683 priore
429 1599 557 1666 iudicio.
581 1599 615 1667 O.
633 1600 673 1666 D.

398 1777 735 1845 Dncnnnnnlc.
1069 1791 1103 1841 15

152 1901 229 1968 Non
260 1903 309 1968 ita
342 1925 394 1968 me
425 1903 533 1988 prima
564 1903 655 1968 frons
688 1923 805 1968 causae
839 1900 1051 1966 callidissima

85 1991 231 2079 optionis
260 1991 468 2058 simulatione
493 1992 628 2077 decipit,
653 1995 692 2056 ut
714 1989 829 2056 mulier
851 1990 916 2056 ista
938 1989 1050 2055 matri·

82 2082 197 2148 monio
228 2082 380 2167 c[r]edat,
411 2082 497 2168 quod
524 2081 621 2147 hodie
647 2101 742 2147 nemo
766 2083 906 2165 peteret,
934 2080 962 2145 si
985 2101 1051 2145 non

84 2173 304 2238 recusaretur:
337 2171 421 2236 illud
452 2171 559 2256 magis
591 2192 719 2256 vereor,
749 2191 790 2235 ne
822 2169 961 2255 iuvenis,
994 2169 1052 2254 qui

84 2262 157 2327 eius
196 2283 293 2346 quam
328 2263 467 2327 matrem
506 2282 576 2327 esse
614 2260 743 2326 dicebat
779 2259 910 2343 nuptias
948 2262 1051 2342 optat,
1070 2275 1106 2326 ac

85 2349 238 2418 videatur
255 2350 338 2416 velle
358 2350 399 2416 ad
416 2372 531 2416 verum
548 2350 727 2436 pervenire,
746 2369 782 2414 ac
799 2370 858 2414 vos
877 2347 1052 2413 latentium

83 2439 247 2507 natalium
266 2439 388 2506 credat
362 2443 406 2505 trs
427 2439 692 2525 experimentum,
716 2437 803 2524 quod
821 2437 947 2521 mulier,
970 2457 1051 2520 quae

84 2532 163 2617 post
191 2529 350 2595 amissum
377 2529 532 2595 maritum
560 2552 618 2615 per
645 2533 697 2594 tot
721 2548 836 2612 annos,
866 2526 922 2611 qui
944 2525 1052 2590 facere

85 2620 242 2705 poterant
272 2619 314 2683 ab
347 2617 488 2684 infantia
515 2619 622 2684 virum
644 2618 779 2695 fortem,
811 2616 858 2682 sic
881 2614 1052 2699 complexa

85 2711 137 2774 est
170 2706 411 2773 viduitatemt
396 2711 565 2793 tamqnam
602 2728 706 2793 genus
739 2664 929 2790 pddicitiae,
965 2702 1053 2769 hunc
1072 2717 1107 2768 25

84 2797 221 2884 iungere
253 2796 317 2862 sibi
348 2817 466 2862 venere
495 2819 568 2862 sera
596 2801 629 2861 et
656 2795 802 2880 polluere
830 2793 1053 2879 complexibus

84 2909 152 2952 non
179 2886 251 2952 vult
277 2885 339 2951 filii
366 2887 432 2970 sui,
461 2886 491 2952 si
517 2886 666 2970 vixisset,
694 2887 783 2951 aetat
785 2906 845 2949 em
890 2883 1053 2986 intellego

84 2976 209 3061 itaque,
236 2996 303 3041 non
332 2978 401 3041 tam
425 2975 530 3041 multa
553 2975 635 3041 mihi
663 2977 777 3040 contra
799 2973 983 3060 praemium
1007 2971 1054 3036 di·

86 3065 197 3150 cenda,
229 3086 328 3150 quam
352 3067 428 3130 cont
428 3087 465 3130 ra
489 3068 659 3151 argument
661 3086 730 3129 um:
759 3063 806 3129 sic
829 3060 1054 3148 componenda

86 3153 173 3220 actio
201 3157 264 3238 est,
292 3157 461 3238 tamquam
488 3176 549 3219 nos
579 3153 713 3219 audiant
735 3153 856 3219 iudices
880 3152 940 3217 illi.
986 3172 1053 3215 non
1072 3166 1108 3215 30

159 3334 174 3383 1
194 3328 301 3400 omnia]
321 3329 368 3384 ersi
387 3335 407 3382 Ρ
429 3330 439 3399 ΙΙ
462 3331 494 3384 tu
512 3333 601 3384 ornll
624 3330 634 3399 u
658 3333 674 3382 5
693 3329 815 3397 negante
834 3328 898 3396 Aen
913 3331 946 3380 18
966 3325 1055 3381 credit

86 3405 135 3469 Aa,
154 3399 252 3456 credat
269 3404 346 3468 AbB,
364 3417 433 3456 corr.
456 3401 519 3456 cor.
538 3402 548 3470 l
566 3399 624 3454 illis
642 3403 665 3452 Δ
688 3402 698 3470 l
720 3405 754 3452 21
774 3399 811 3453 ad
829 3402 865 3466 A,
884 3400 914 3453 at
932 3401 968 3464 B,
986 3412 1055 3451 corr.

86 3472 167 3540 Aerl
180 3473 368 3541 27aequalem
377 3472 423 3529 Ilo
434 3474 449 3545 ll
461 3477 495 3528 28
505 3471 691 3530 dicendamb
703 3472 717 3546 ll
729 3477 766 3530 ιιι
775 3469 832 3529 alin
841 3470 971 3540 Aeneis.
979 3469 1074 3530 abta
