2386 3816
121 141 185 206 146
485 137 715 207 QUINTILIANI

121 305 227 390 magis
254 303 363 388 potuit
385 302 512 369 irasci«.
547 301 603 368 sed
627 301 704 387 quid
728 322 859 367 causam
881 299 1013 366 infirmo
1035 298 1083 365 di·

121 391 245 459 cende?
281 393 317 456 in
344 391 453 477 aliqua
481 414 540 458 vos
567 391 694 477 positos
723 390 854 474 specula
880 391 996 474 putate
1018 388 1085 472 ills,

122 504 204 566 quae
237 481 325 547 facta
356 485 445 566 sunt,
476 480 595 546 videre.
640 479 810 546 abdicatus
842 478 879 544 in
906 477 1084 544 solitudine

121 574 184 635 est:
211 571 301 636 locus
331 573 533 655 opportunus
556 568 697 652 insidiis;
723 567 824 634 habet
846 567 1008 652 gladiumz
1034 567 1082 632 in-

85 662 337 725 estrumentum
360 658 538 743 parricidii3
561 657 686 725 accedit
709 656 750 723 ad
767 659 896 741 patrem
920 677 1085 741 manuque

121 748 253 813 sublata
275 767 400 832 »rogos
422 747 510 831 dicit,
533 747 648 812 immo:
671 746 771 812 iubet.
806 767 872 812 non
896 749 973 811 sunt
996 745 1084 811 enim

120 857 241 921 preces,
263 837 321 902 ubi
342 835 485 920 negandi
507 836 643 902 libertas
665 857 733 901 non
756 838 814 900 est.
844 835 1016 919 utriusque
1037 834 1084 899 in-

120 925 258 991 tuemini
281 925 424 989 animum
449 929 494 1008 et,
518 925 546 989 si
568 925 703 1009 videtu,
725 925 816 1008 prius
840 945 958 990 meum
1001 922 1085 990 occi·

122 1037 233 1080 surum
256 1018 289 1079 te
310 1034 378 1079 non
401 1013 547 1079 dubitavi
568 1013 706 1099 ideoque
727 1012 786 1079 ille
810 1014 940 1080 se'verus
962 1032 1084 1098 negare

71 1122 103 1171 1o
121 1125 187 1169 non
209 1103 309 1187 potui.
345 1103 470 1188 reliqua
493 1126 513 1168 a
535 1102 652 1168 vestris
676 1101 794 1168 animis
816 1101 1032 1189 interrogate:
1055 1101 1085 1165 is

122 1192 178 1276 qui
201 1196 344 1257 armatus
368 1195 473 1276 rogat,
497 1191 574 1276 quid
596 1191 742 1256 facturus
766 1191 823 1276 sit,
846 1191 874 1255 si
896 1212 962 1256 non
985 1190 1086 1275 impe

122 1281 280 1345 traverit?
304 1280 367 1344 duo
391 1284 479 1363 sunt,
503 1280 626 1364 opinor,
649 1281 734 1345 inter
758 1302 841 1365 quae
864 1279 1013 1366 quaestio
1036 1280 1085 1344 in·

122 1369 283 1452 terposita
306 1369 467 1434 videatur:
489 1368 543 1435 hic
567 1369 596 1434 si
614 1391 680 1435 non
698 1369 901 1455 imperasset,
924 1371 982 1434 aut
1000 1368 1086 1435 occi·

124 1478 218 1521 surus
242 1457 350 1522 fuerat
373 1462 430 1523 aut
452 1458 640 1524 moriturus.
684 1479 753 1524 non
776 1458 856 1542 dico,
885 1461 996 1523 utrum
1020 1479 1087 1524 cre-

71 1564 103 1612 15
123 1545 255 1611 dibilius
279 1544 335 1630 sit,
365 1550 476 1611 utrum
497 1547 635 1613 facilius.
682 1568 815 1613 exorare
839 1568 890 1612 me
909 1545 1085 1613 volueras?

123 1638 243 1720 quanto
274 1636 487 1720 opportunius
520 1635 599 1701 alibi
630 1657 794 1722 rogasses,
826 1637 891 1702 alio
923 1640 1085 1721 tempore:

124 1723 353 1808 cumprimum
373 1724 542 1791 abdicatus
561 1746 605 1809 es,
625 1724 782 1791 adhibitis
798 1725 992 1810 propinquis
1007 1723 1085 1810 <et>

124 1814 247 1880 amicis.
288 1813 366 1897 quid
388 1812 468 1880 facit
490 1814 532 1880 ad
554 1834 666 1898 preces
690 1813 855 1880 solitudo?
878 1814 944 1880 ista
966 1814 1085 1880 instru-

123 1907 234 1969 menta
257 1908 333 1968 sunt
355 1903 534 1988 parricidii,
556 1903 637 1968 haec
660 1903 800 1988 occasio,
824 1902 878 1969 hic
900 1905 1000 1988 locus,
1023 1903 1085 1969 hoc

70 2008 104 2057 20
122 1996 259 2076 tempus.
292 1993 321 2056 si
340 1991 524 2058 abdicarem
542 1996 584 2077 te,
606 1993 783 2058 moriturus
802 1991 915 2058 fuisti?
938 2028 976 2040 -
993 2015 1085 2060 reum

123 2080 287 2164 parricidii
311 2101 383 2164 ago.
423 2081 501 2165 quid
524 2085 673 2165 superest
695 2080 808 2166 igitur,
837 2082 901 2147 nisi
923 2087 961 2147 ut
984 2080 1086 2148 vindi·

124 2172 256 2233 creturus
279 2167 380 2233 fueris
403 2191 483 2254 eam,
508 2191 606 2254 quam
629 2170 783 2236 iniuriam
804 2170 968 2237 vocabas?

188 2255 297 2340 „Non,
320 2257 441 2341 inquit,
464 2258 595 2325 occidi.“
631 2257 702 2325 Hoc
725 2259 855 2344 quidem
882 2261 943 2342 [in]
968 2280 1085 2344 genere

122 2367 218 2412 nemo
241 2367 307 2411 non
330 2345 459 2413 defendi
475 2351 599 2433 potest,
622 2349 673 2414 cui
690 2348 842 2414 voluntas
861 2349 1011 2433 paricidii
1030 2350 1084 2415 ob-

70 2451 104 2500 25
123 2434 228 2503 icitur.
248 2456 343 2520 „nou,
356 2436 471 2522 inquit,
485 2436 616 2504 occidi.“
634 2437 779 2522 <quid>?
798 2438 827 2504 si
840 2437 989 2523 dicerem,
1003 2438 1084 2504 diffi-

124 2525 217 2589 cilius
235 2526 368 2611 putasti,
386 2563 430 2573 -
444 2528 566 2593 scelera
578 2526 713 2612 propius
729 2527 860 2593 admota
873 2528 948 2611 plus
962 2527 1085 2594 habent

123 2611 291 2679 horroris?
319 2615 348 2680 si
370 2614 525 2696 dicerem,
548 2616 678 2682 obstitit
700 2616 763 2682 tibi
785 2617 835 2683 vis
858 2616 1030 2683 numinum
1053 2622 1085 2684 et

123 2702 223 2768 tacita
245 2703 402 2788 quaedam
424 2705 512 2772 illius
531 2705 718 2771 solitudinis
736 2705 876 2790 religio?
902 2729 990 2772 nunc
1007 2728 1083 2772 vero

124 2790 334 2857 manifestum
362 2797 424 2872 est,
448 2816 505 2860 cur
530 2816 598 2860 non
620 2794 789 2861 occideris:
818 2793 977 2861 distulisti
1000 2797 1084 2862 hunc

70 2895 105 2944 30
125 2879 280 2964 animum,
303 2879 378 2946 dum
401 2882 496 2950 heres
519 2884 622 2950 fieres.
745 2928 761 2958 .

196 3078 211 3125 1
229 3073 336 3142 poterit
352 3077 409 3142 ΑΒ,
428 3091 497 3132 corr.
515 3075 560 3132 Ro
582 3079 592 3147 ll
614 3077 663 3146 qui
681 3078 757 3147 ΑΙΙΒ
776 3077 840 3134 vide
859 3082 911 3146 As,
930 3075 1023 3134 videri
1040 3077 1085 3133 Ro

123 3159 171 3199 sec.
190 3143 239 3199 Bu
252 3144 262 3213 ΙΙ
276 3143 454 3201 solicitudine
472 3150 513 3202 Aa
529 3148 541 3218 l
559 3154 575 3202 5
594 3163 748 3218 manusque
767 3150 842 3219 Aut
862 3150 967 3205 sullstu
983 3153 1004 3202 B
1018 3152 1028 3219 fl
1041 3166 1085 3204 ro·

123 3215 182 3284 gat,
200 3213 281 3272 dico?
301 3239 347 3272 -ι
366 3217 452 3272 immo
471 3217 550 3275 iubet
567 3219 644 3290 Satn
660 3227 691 3274 Ν
711 3223 787 3290 ult
806 3221 885 3277 videt
902 3221 969 3290 quia
1007 3239 1028 3277 r.
1047 3221 1085 3292 ΑΗ

123 3301 256 3369 ooc3non
275 3285 471 3344 dubitaris·
490 3293 493 3361 l
508 3296 543 3346 14
560 3289 646 3346 fuerit
658 3295 679 3344 B
693 3292 703 3362 ΙΙ
716 3309 812 3347 verum
830 3294 920 3362 21117
939 3240 1010 3366 <etl
1028 3292 1083 3359 Pi,

123 3363 161 3442 ²³.
177 3356 232 3431 [sn]
252 3357 293 3415 Gr
310 3363 320 3430 l
337 3366 372 3416 26
390 3360 479 3444 <quid
517 3361 562 3420 Ro
579 3365 636 3434 lli
658 3367 688 3413 Ν
710 3365 756 3434 ll
770 3363 881 3421 obsistit
897 3368 918 3417 B
932 3366 942 3435 ΙΙ
956 3363 998 3420 vis
1016 3382 1084 3421 non·

122 3446 230 3485 mmum
249 3433 302 3503 As,
319 3432 363 3488 ius
380 3433 528 3490 mimmmn
546 3436 636 3507 ruat
655 3436 733 3507 regio
751 3440 774 3488 Δ
