2386 3816
85 140 152 210 264
383 194 385 197 ,
460 136 700 209 ouluunmru:

88 326 235 371 mensam
267 325 387 387 meam,
420 303 507 368 inter
536 301 690 368 convivas
720 322 810 368 meos
840 302 968 387 expirat
995 302 1062 368 fra·

87 397 140 458 ter
170 414 275 458 meus:
317 392 352 457 in
389 412 484 477 quem
526 390 630 456 scelus
663 388 907 456 translaturus?
960 412 1061 474 quem

89 481 225 547 deorum
258 481 490 565 hominumque
522 477 752 544 invocaturus?
786 500 854 545 non
881 479 946 544 fuit
977 501 1061 566 ergo

88 570 179 636 locus
200 569 353 654 idoneus,
385 591 453 649 non
479 567 543 632 tuit
569 570 707 653 tempus.
749 566 853 651 adice,
882 568 971 652 qnod
995 589 1061 655 ego

51 674 66 723 5
89 658 224 724 daturus
257 667 422 725 venenum
444 657 539 742 potui
565 657 694 741 timere,
722 677 763 721 ne
792 656 1062 742 deprehenderer,

87 768 129 812 ne
152 748 379 832 praesentiret,
400 767 443 811 ne
466 745 683 830 intellegeret,
704 767 746 810 ne
770 745 878 811 colore
892 748 1059 811 venenum

89 835 360 920 deprehenderet,
399 857 440 900 ne
473 856 538 920 qua
569 834 619 899 vis
652 833 762 900 odoris
795 855 829 898 se
861 834 1061 900 ostenderet.

87 924 171 990 nulli
194 946 356 990 venenum
378 924 509 991 facilius
533 923 603 988 dari
625 926 748 1007 potest,
775 944 872 1008 quam
896 924 951 1007 qui
975 924 1061 990 acci·

87 1013 139 1097 pit
160 1013 273 1098 utique
296 1016 467 1098 tamquam
490 1012 772 1078 medicamentum.
812 1009 902 1097 Engo
926 1012 1060 1077 nullum

33 1118 67 1167 10
89 1102 262 1167 eonsilium
286 1102 420 1169 sceleris
443 1101 509 1167 mei
531 1104 589 1167 est.
627 1104 663 1165 at
685 1101 734 1166 tui
758 1104 881 1185 quanta
903 1101 1059 1167 occasio?

88 1212 285 1275 quamquam
309 1191 348 1256 de
371 1189 434 1256 hac
451 1193 568 1277 postea
586 1191 710 1274 loquar.
743 1190 877 1274 paulum
897 1190 984 1255 enim
1005 1211 1060 1255 me

86 1279 278 1364 interpellat
305 1278 398 1364 ordo,
429 1282 466 1344 ut
493 1279 574 1344 illud
602 1278 838 1343 defendendum
862 1279 1058 1368 existimem,

88 1367 175 1451 quod
197 1367 337 1435 ,fratrem
366 1389 475 1433 meum
504 1368 553 1433 ait
580 1367 788 1451 suspicatum.
834 1369 909 1433 ante
934 1368 1058 1453 omnia,

86 1455 218 1541 iudices,
241 1456 328 1542 quod
352 1456 396 1521 sit
418 1457 500 1522 illud
524 1455 717 1541 suspicionis
741 1475 843 1540 genus
867 1477 935 1521 non
957 1455 1057 1521 intel-

34 1560 66 1609 15
87 1544 172 1630 lego.
199 1544 533 1630 postquam‘biberat,
555 1545 718 1629 fingamus
738 1544 828 1611 eibos
846 1543 1059 1630 redundasse,

87 1633 250 1719 fingamus
279 1635 423 1720 aliquem
456 1655 588 1699 sensum
616 1634 808 1698 interiorum
832 1633 946 1699 fuisse:
974 1632 1060 1699 haee

87 1725 199 1788 tamen
228 1723 339 1789 omnia
363 1723 509 1790 accidere
533 1723 633 1788 etiam
656 1744 694 1787 ex
718 1722 885 1788 innocenti
907 1723 1059 1789 convivio

86 1816 233 1895 possunt.
270 1811 355 1878 unde
379 1832 457 1898 ergo
481 1810 623 1896 suspicio
647 1810 719 1877 est?
736 1835 790 1877 —:
813 1810 899 1877 unde
917 1811 995 1878 illae
1016 1813 1060 1877 si·

87 1901 252 1986 multates,
274 1901 359 1966 unde
382 1901 440 1966 illa
463 1898 633 1967 discordia.

31 2039 66 2089 20
154 2022 258 2089 Simul
277 2027 310 2089 et
323 2025 402 2090 illud
418 2046 485 2108 vos,
503 2022 637 2109 iudices,
655 2025 776 2090 intueri
793 2026 933 2109 oportet,
953 2030 1059 2108 epota

84 2111 181 2200 huius
204 2112 340 2196 potione
363 2112 499 2178 fratrem
522 2134 631 2177 meum
650 2113 804 2179 continuo
823 2113 963 2197 perisse:
987 2135 1059 2180 non

84 2201 196 2284 potest
223 2199 325 2265 videri
353 2222 391 2266 eo
419 2222 543 2267 veneno
571 2201 705 2285 perisse,
733 2201 767 2265 in
796 2224 859 2286 quo
884 2205 960 2267 ante
983 2224 1057 2269 mo-

85 2291 232 2353 mentum
255 2290 370 2354 mortis
391 2288 533 2373 suspicio
552 2288 630 2370 fuit3
653 2290 764 2356 verum
782 2289 864 2355 haec
883 2311 923 2354 ex
940 2289 1057 2357 huius-

21 2382 25 2389 '
84 2377 173 2443 modi
201 2377 308 2444 causis
332 2381 404 2444 orta
428 2377 583 2462 suspicio,
615 2378 837 2462 plenissimam
862 2377 1056 2464 †defendi†

31 2481 65 2532 ne
84 2467 201 2532 veneni
225 2469 429 2533 occasionem
453 2465 549 2532 dedit.
576 2467 684 2551 prima
706 2467 773 2552 illa,
798 2466 883 2552 quod
904 2468 1055 2536 habebas

85 2554 137 2621 cui
161 2555 320 2640 obiceres3
346 2557 449 2622 altera
467 2556 534 2639 illa,
558 2554 644 2641 quod
665 2555 978 2641 qualem<cum>que
995 2580 1056 2642 po

84 2644 207 2709 tionem
236 2649 425 2730 accepturus
456 2649 527 2710 erat
553 2645 670 2710 frater:
701 2645 763 2710 etsi
796 2645 887 2710 illam
922 2645 1056 2712 tristem

84 2731 166 2818 visu,
192 2733 254 2799 etsi
275 2734 368 2800 illam
383 2738 482 2819 gustu
498 2755 658 2819 asperam,
676 2733 854 2799 bibendum
869 2737 1056 2819 esttamen,

85 2842 158 2885 cum
181 2821 268 2887 dicas
292 2823 479 2889 remedium.
512 2821 569 2888 sed
593 2822 671 2906 quid
695 2844 755 2908 ego
780 2822 925 2887 diutius?
950 2823 979 2888 si
1001 2846 1055 2889 ve

2 2968 5 2973 .
30 2926 66 2975 ao
84 2928 205 2978 nenum
234 2932 254 2975 a
276 2932 328 2977 me
351 2912 541 2997 accepisset,
564 2915 601 2976 tu
627 2931 792 2977 sanasses:
823 2933 901 2976 nam
925 2914 959 2977 et
980 2913 1055 2996 pol·

155 3141 171 3190 t
194 3151 247 3191 nec
271 3135 386 3192 olere!
408 3138 418 3206 l
442 3143 555 3193 11-12
574 3138 650 3193 enim
668 3138 863 3207 interpellator
882 3138 958 3193 don
981 3138 1048 3210 [12

81 3206 163 3261 illurn
181 3210 233 3260 AB
246 3208 257 3277 ΙΙ
272 3213 304 3262 17
323 3206 485 3263 innocentia
503 3212 571 3262 halt
584 3212 594 3279 ΙΙ
608 3214 643 3264 20
659 3208 787 3264 interiori
804 3213 874 3279 Aa!
892 3210 902 3279 ΙΙ
916 3212 1049 3279 compota

80 3280 102 3330 B
123 3277 134 3346 l
154 3283 188 3332 22
208 3279 244 3334 eir
261 3285 281 3332 P
301 3279 366 3404 hm
383 3278 549 3349 plenissima
566 3281 611 3350 ΒΙΙ
631 3279 775 3336 deferendi
792 3281 859 3346 Aer,
878 3281 1049 3336 defendendi

81 3349 159 3414 edd.,·
176 3349 300 3417 praeben
323 3351 329 3362 '
349 3351 393 3406 Ro
407 3353 417 3422 u
430 3356 465 3406 26
485 3350 760 3424 qualem<cum>que
778 3351 821 3406 Gr
840 3353 850 3420 l
871 3357 905 3407 2²1
925 3353 950 3408 si
969 3354 999 3407 et
1017 3357 1049 3421 Δ,
1082 3394 1084 3398 1

84 3418 109 3475 si
127 3418 164 3475 ad
180 3423 210 3491 B,
230 3437 298 3478 corr.
318 3423 376 3478 Aer
395 3423 405 3494 ΙΙ
424 3428 458 3478 28
478 3423 502 3478 si
521 3421 557 3476 ad
576 3427 607 3492 Δ,
627 3423 651 3477 si
669 3428 699 3478 et
715 3427 744 3490 B,
764 3439 832 3478 corr.
852 3423 910 3478 Aer
