2386 3816
394 719 700 794 PRAEFATIO.

131 954 288 1030 Reliquiae
316 953 429 1029 operis,
455 957 489 1013 ut
513 953 563 1013 vel
586 972 623 1012 ex
644 952 742 1013 titulis
766 953 954 1030 singularum
976 954 1025 1013 de·

63 1052 280 1112 clamationum
310 1052 383 1110 lieet
413 1052 603 1128 intellegere,
636 1051 789 1128 aliquanto
816 1051 939 1111 maioris
967 1051 1023 1110 hae

63 1151 266 1227 proferuntur.
302 1150 348 1208 Ex
371 1151 436 1209 388
461 1150 540 1208 enim
563 1167 639 1226 quae
662 1149 816 1226 integrum
835 1168 942 1226 corpus
962 1151 1024 1210 effi-

64 1248 185 1308 ciebant
210 1267 271 1308 non
298 1248 396 1306 minus
425 1248 504 1326 243,
535 1250 565 1306 et
591 1247 663 1305 illae
691 1246 812 1323 quidem
840 1247 1022 1323 amplissime

62 1349 213 1406 tractatae
240 1348 331 1421 atque
360 1345 599 1422 diligentissimis
628 1345 815 1405 sermonibus
843 1345 1023 1423 illustratae,

62 1435 285 1521 interierunt.*)

130 1540 410 1600 Inscribebatur
427 1540 504 1600 liber
520 1539 558 1598 ab
573 1539 616 1598 eis
631 1539 684 1615 qui
696 1541 812 1616 priores
826 1541 858 1598 in
871 1540 1024 1617 publicum

63 1640 223 1699 ediderunt
236 1639 327 1700 titulo
340 1637 518 1709 Quintiliani
531 1638 779 1697 declamationum
794 1637 944 1697 minorum
958 1631 1024 1716 (ad-

62 1739 148 1798 iectis
170 1739 208 1797 ad
227 1755 336 1796 nomen
355 1735 486 1795 auctoris
505 1754 523 1794 a
542 1736 719 1812 quibusdam
738 1737 852 1796 verbis:
876 1755 952 1813 quae
971 1757 1023 1812 pu-

63 1828 197 1917 tantur),
224 1838 259 1894 ut
287 1834 545 1910 distinguerentur
573 1833 688 1893 scilicet
715 1851 733 1891 a
758 1837 799 1892 19
828 1833 950 1892 illarum
978 1853 1023 1894 co-

64 1935 178 2011 piosius
207 1935 407 1993 tractatarum
429 1932 521 2006 libro,
549 1932 601 2007 qui
624 1933 655 1989 et
677 1931 742 2006 ipse
764 1932 796 1989 in
819 1931 969 1990 codicibus
993 1934 1024 1991 et

63 2031 244 2091 editionibus
259 2029 437 2101 Quintiliani
454 2047 564 2088 nomen
577 2048 650 2105 prae
664 2048 696 2088 se
712 2029 779 2088 fert.
807 2028 866 2088 Sed
879 2029 971 2089 variis
986 2028 1022 2088 de

62 2130 159 2189 causis
178 2147 240 2189 non
258 2129 331 2212 satis
351 2129 440 2204 aptus
457 2127 505 2186 hic
518 2128 626 2187 titulus
641 2126 793 2203 putandus
808 2130 864 2188 est.
887 2127 1022 2186 Primum

63 2228 143 2286 enim
166 2229 290 2303 excepta
308 2227 437 2286 fortasse
457 2243 574 2284 summa
591 2242 651 2283 non
672 2228 743 2284 sunt
759 2225 859 2284 iustae
877 2224 1023 2284 declama·

63 2325 175 2399 bones,
198 2324 224 2383 si
247 2323 367 2400 quidem
390 2323 447 2382 hoc
468 2341 577 2382 nomen
599 2324 646 2381 est
669 2322 889 2382 controversiae
912 2322 1024 2381 schola-

133 2509 158 2580 *)
178 2510 349 2580 Fragmenta
371 2509 581 2579 deperditarum
600 2507 838 2563 declamationum
856 2506 909 2562 illa
926 2506 1023 2562 viden·

63 2585 109 2638 tur
127 2597 201 2650 esse,
220 2597 293 2650 quae
310 2581 461 2636 laudantur
479 2598 497 2636 a
514 2579 672 2648 Lactantio,
691 2580 747 2634 div.
768 2579 833 2633 inst.
848 2579 870 2649 I,
885 2583 918 2633 21
937 2579 992 2635 vol.
1009 2586 1023 2634 1

63 2672 90 2724 p.
110 2659 143 2708 62
171 2652 325 2708 Fritascbe:
355 2653 462 2777 optime
488 2652 576 2722 igitur
603 2650 792 2718 Quintilianus
820 2651 850 2704 in
875 2650 1023 2706 Fanatico:

65 2724 156 2792 ‚istud
193 2723 300 2793 inquit,
323 2723 348 2778 si
390 2739 438 2778 eus
462 2722 539 2792 cogit
561 2723 650 2778 iratus
675 2725 745 2776 est.“
782 2719 817 2789 V,
833 2727 848 2775 7
867 2721 904 2776 ib.
924 2739 951 2791 p.
971 2727 1023 2776 241

64 2765 254 2861 Quintilianus
272 2838 278 2850 .
299 2836 306 2850 .
325 2795 354 2848 in
369 2794 469 2865 Capite
484 2794 632 2850 obvoluto:
651 2810 735 2862 „nam
752 2809 834 2875 quae,
851 2791 951 2860 inquit,
970 2793 1024 2847 vir·

63 2872 108 2922 tus
127 2867 204 2922 esset
220 2865 395 2935 innocentia,
414 2866 470 2921 nisi
488 2865 600 2921 laudem
618 2865 720 2920 raritas
738 2863 899 2919 dedisset?“
928 2863 974 2932 VI,
989 2869 1023 2918 23

64 2937 100 2993 ib.
119 2939 174 2995 vol.
191 2943 207 2992 2
226 2957 254 3008 p.
269 2943 304 2992 54
324 2937 557 3004 Quintilianus..
578 2938 688 3006 „homo,
707 2935 809 3005 inquit,
828 2951 918 3004 neque
937 2933 1024 2990 alieni

64 3009 237 3066 matrimonii
250 3008 395 3064 abstinens
409 3025 499 3077 neque
516 3007 560 3063 sui
573 3009 696 3064 custos.“
723 3005 818 3061 Etiam
831 3006 1024 3076 Hieronymus,

64 3081 112 3149 qui
125 3079 189 3137 aliis
201 3081 273 3136 locis
286 3079 599 3146 Pseudo-Quintilianea
613 3080 732 3150 spectat,
750 3076 845 3133 nescio
860 3095 896 3132 an
910 3077 1024 3144 Quaest.

64 3153 149 3208 Hebr.
167 3151 198 3206 in
212 3151 313 3207 Genes.
327 3152 375 3223 111,
392 3158 406 3206 1
421 3170 448 3222 p.
464 3155 515 3206 353
530 3151 605 3206 Vall.
624 3153 756 3220 loquatur
775 3148 810 3203 de
827 3147 925 3216 aliqua
937 3149 1026 3218 ipsius

65 3223 232 3290 Quintiliani
255 3223 452 3279 controversia.
472 3254 506 3263 -
526 3222 673 3293 Copiosius
698 3220 733 3276 de
755 3219 800 3274 his
818 3219 901 3274 rebus
919 3221 1026 3274 tracta·

65 3295 125 3349 tum
138 3294 169 3350 in
181 3293 254 3350 libro
268 3312 332 3350 meo
347 3293 410 3364 „die
425 3294 583 3364 quintilian.
594 3291 841 3361 Declamationen,
851 3288 1035 3358 breibunqet

65 3365 212 3438 'tubingen
231 3371 297 3423 1881
304 3369 327 3439 “,
344 3385 372 3439 p.
388 3372 441 3424 209
455 3384 517 3440 sqq.
537 3368 576 3455 el¹
586 3372 642 3428 253
656 3385 723 3441 sqq.
880 3453 899 3488 ἡ

860 3473 885 3514 a
