2386 3816
152 163 218 228 364
430 133 432 136 ’
518 159 746 228 carnutum

151 326 291 409 falleris,
323 326 378 410 qui
405 328 502 410 putas
530 326 684 392 virtutem
711 345 808 408 posse
832 324 967 389 conduci
990 328 1024 389 et
1048 327 1118 390 ani-

152 437 241 479 mum
265 414 402 499 pecunia
424 414 503 480 fieri.
535 415 570 479 in
593 413 703 480 omnia
726 413 812 478 enim
836 434 912 477 sane
937 414 1028 479 lucro
1047 419 1117 480 tra·

151 504 280 587 hamur3
308 503 406 568 ducat
431 524 491 570 nos
519 525 593 587 spes
623 503 665 567 ad
686 502 846 587 laborem,
873 502 970 567 ducat
993 503 1035 567 ad
1057 527 1116 588 pa-

152 592 315 657 tientiam:
347 613 442 658 nemo
479 592 582 658 futuri
617 591 773 674 temporis
800 591 1000 675 cogitatione
1030 595 1116 676 peri-

116 700 133 748 5
153 682 261 746 culum
285 682 382 747 subit.
414 682 519 745 iturus
543 680 659 765 uliquis
678 680 714 743 in
732 679 765 744 id
784 679 967 763 discrimen,
990 703 1030 745 ex
1049 704 1116 767 quo

153 792 323 837 evasurum
346 791 381 834 sc
403 791 470 834 non
491 774 607 854 speret,
631 769 803 854 pecuniam
822 769 1003 852 spectavit?
1029 772 1118 835 scili-

153 863 213 945 cet,
236 863 274 924 nt
296 859 491 942 locupletior
513 858 647 942 periret3
670 861 707 922 ut
732 859 760 922 si
783 857 975 923 destitutum
996 859 1033 922 in
1046 860 1117 926 illis

153 948 410 1032 cogitationibus
438 949 608 1013 manerent
635 950 814 1030 tormenta,
842 947 869 1010 si
900 948 1035 1031 tyranni
1057 949 1119 1033 ira,

152 1038 288 1103 haberet
310 1036 393 1102 illud
412 1036 500 1101 intra
519 1035 752 1101 conscientiam
771 1057 872 1120 suam,
897 1037 1061 1121 accepisse
1082 1061 1117 1103 se

100 1145 133 1194 10
151 1127 323 1211 pecuniam
351 1129 385 1190 et
415 1125 514 1210 paulo
547 1129 623 1190 ante
651 1144 784 1209 gravem
812 1127 948 1208 argento
981 1147 1118 1192 manum

151 1215 261 1280 fuisse.
294 1219 369 1279 ante
392 1215 493 1300 igitur
515 1214 578 1280 hae
600 1214 816 1280 versabantur
833 1213 868 1277 in
887 1214 997 1280 animo
1017 1214 1118 1280 huius

152 1304 379 1389 cogitationes3
403 1307 478 1369 ante
501 1304 598 1387 istud,
621 1302 707 1388 quod
725 1306 762 1367 tu
780 1303 924 1368 effecisse
942 1304 1119 1387 pecuniam

151 1396 258 1475 putas,
287 1391 419 1457 fecerat¹
433 1414 485 1457 res
508 1392 648 1476 publica,
671 1392 794 1456 fecerat
815 1391 1007 1475 indignatio,
1032 1392 1117 1458 fece-

152 1483 205 1544 rat
226 1480 373 1565 ingenita
395 1481 509 1545 virtus.
554 1502 613 1545 neo
636 1486 687 1564 tu,
717 1479 781 1543 nisi
803 1479 865 1544 hoo
888 1480 1120 1566 intellexisses,

101 1586 132 1635 15
153 1590 250 1633 ausus
274 1590 361 1633 esses
383 1570 475 1653 loqui
498 1571 556 1634 aut
579 1568 783 1634 committere
806 1572 875 1633 tam
896 1570 1118 1651 periculosum

153 1657 259 1723 alieno
284 1662 452 1723 secretum.
485 1659 612 1724 videras
631 1657 766 1739 vultum,
791 1657 949 1742 audieras,
973 1680 1048 1723 cum
1067 1683 1119 1724 ra·

152 1750 283 1831 peretur
306 1747 416 1830 aliqua
439 1747 542 1830 virgo,
564 1746 841 1832 ingemiscentem.

219 1834 454 1901 Verumtamen
486 1857 542 1900 cur
572 1857 639 1901 non
671 1857 866 1918 reponamus
896 1836 979 1901 hano
1003 1841 1119 1902 contu-

151 1925 306 1990 meliam?
330 1947 396 1991 non
418 1947 478 2010 pro
496 1947 532 1990 re
550 1919 682 2009 publica
701 1923 827 1990 dedisti.
861 1925 980 1989 scimus
1000 1929 1118 2010 tyran-

98 2014 259 2080 nunidem
287 2016 459 2099 praecipue
488 2014 528 2079 ad
556 2013 672 2079 divites
700 2013 872 2096 pertinere.
917 2014 989 2098 illa,
1017 2037 1118 2099 quarn

151 2102 296 2185 dederas,
318 2104 456 2186 pecunia
478 2103 659 2168 redimebas
678 2101 834 2186 fortunas,
857 2104 1011 2186 pecunias
1030 2108 1118 2189 tuas,

150 2191 251 2255 immo
290 2192 443 2275 salutem;
486 2192 744 2276 quandoquidem
780 2191 970 2276 plerumque
1007 2195 1118 2277 perire

150 2280 244 2345 vobis
275 2279 310 2344 in
341 2281 467 2345 lucrum
499 2280 700 2345 crudelitatis
735 2280 861 2345 alienae
892 2303 1023 2346 necesse
1058 2288 1118 2349 est.

150 2369 252 2434 habes
281 2369 384 2454 igitur
417 2369 497 2434 satis
526 2391 648 2455 magna
674 2369 770 2433 istius
798 2369 1005 2435 liberalitatis
1037 2375 1116 2438 tuae

97 2474 130 2523 25
149 2460 264 2540 pretia.
320 2480 450 2523 securus
489 2480 523 2523 es
559 2480 644 2524 nunc
681 2458 845 2543 dominus,
885 2481 972 2524 nuno
1009 2460 1117 2526 dives:

151 2546 264 2611 desisti
287 2547 454 2613 fortunam
476 2550 568 2612 tuam
590 2547 720 2631 timere,
743 2546 857 2614 desisti
877 2548 998 2632 odisse,
1022 2551 1117 2633 quid-

150 2635 226 2720 quid
256 2636 367 2702 iactas.
407 2635 499 2722 „Ego
520 2640 652 2720 tamen,
678 2636 798 2721 inquit,
826 2636 910 2722 dedi,
934 2637 1020 2722 quod
1045 2660 1118 2704 esse

150 2746 209 2808 pro
242 2725 416 2809 praemio.“
466 2726 543 2791 Ideo
576 2746 655 2810 ergo
688 2726 804 2811 exigis,
837 2729 873 2789 ut
900 2748 951 2790 res
978 2726 1117 2810 publica

150 2833 216 2876 non
234 2812 371 2878 reddat?
395 2817 429 2878 et
447 2814 475 2879 si
494 2815 570 2899 quid
589 2819 627 2880 tu
640 2815 789 2899 privatus
803 2815 983 2880 liberaliter
997 2815 1116 2902 fecisti,

97 2917 132 2967 30
150 2900 336 2965 universam
361 2903 526 2967 civitatem
544 2904 595 2968 vis
614 2904 721 2970 facere
741 2903 891 2969 sordide?
915 2926 1115 2990 quamquam

150 3011 191 3054 ne
221 2989 362 3054 remittis
391 2990 520 3075 quidem
548 2992 635 3057 istud
662 2993 710 3058 rei
737 2993 902 3078 publicae,
934 2992 989 3057 sed
1017 2995 1053 3058 in
1082 3000 1116 3060 te

221 3170 237 3219 2
257 3162 316 3247 sine
329 3169 350 3217 B
363 3166 373 3235 ΙΙ
388 3165 501 3219 tsubiit
510 3170 550 3218 Aa
563 3168 573 3235 ΙΙ
587 3167 632 3237 ex]
643 3170 701 3222 etB
714 3169 725 3238 l
739 3168 790 3222 tsi
803 3173 824 3221 B
837 3169 848 3237 l
861 3184 919 3238 pec.
936 3168 1094 3238 speravitB
1106 3171 1116 3243 lt

148 3242 165 3290 9
184 3237 272 3308 intra]
293 3255 321 3290 1n
342 3239 440 3291 contra
457 3241 477 3289 B
492 3238 501 3306 ΙΙ
517 3242 548 3290 11
569 3238 640 3291 haec
657 3243 706 3307 Aa,
725 3240 841 3321 1¹³⁰qu
856 3245 889 3294 16
905 3240 940 3322 ed
959 3245 982 3293 A
997 3242 1007 3310 fl
1023 3247 1056 3296 17
1072 3243 1115 3297 in·

148 3309 1115 3457 1111111111ἓῇ111111*111111111111111

135 3396 251 3508 didisse
267 3455 361 3525 ⁸l3¹
378 3452 456 3511 istud
475 3422 593 3525 utres‘p
610 3456 644 3523 Α,
659 3422 740 3508 istitd
753 3468 802 3508 res
816 3453 935 3523 pubtioa
947 3457 970 3505 11
