2386 3816
313 171 634 230 DECLAMATIONES.
654 172 792 230 OGGXLI.
968 171 1032 238 347

72 335 163 420 queri
181 335 317 420 poteris,
335 335 436 401 habet
456 336 541 422 quod
560 335 763 421 respondeat.
786 337 926 421 primum
944 337 1033 419 illud,

71 424 256 490 necessaria
279 445 348 488 esse
372 425 544 510 vectigalia
568 426 701 491 ciuitati.
732 425 890 490 exereitus
914 426 1034 509 stipen-

72 514 161 578 dium
199 512 377 596 aooipiunt,
410 514 499 578 bella
531 514 650 580 cotidie
687 517 843 599 geruntur
880 513 1033 579 adversus

72 602 229 668 barbaras
258 605 291 666 et
319 600 587 668 bellicosissimas
611 607 739 689 gentes,
768 601 968 666 defendimus
992 604 1034 667 ri·

71 713 131 775 pas
156 693 189 753 et
211 690 347 754 flumina
365 694 399 754 et
416 691 524 756 litora.
551 692 615 756 huo
634 690 723 755 adice
743 693 775 755 et
793 691 886 755 illud:
910 691 1034 776 templa
1053 716 1069 766 5

70 782 279 862 extruuntur3
303 780 443 844 multum
466 780 694 864 inpendiorum
717 800 810 844 saera
826 779 955 863 duount,
978 780 1035 843 eli·

72 866 149 952 quid
183 871 215 931 et
249 868 447 951 spectacula:
486 891 566 953 opus
600 871 651 932 est
682 868 904 952 vectigalibus.
949 868 1035 932 inter

71 956 247 1038 vectigalia
259 977 358 1039 porro
378 956 464 1040 quod
483 958 617 1042 aequius
636 957 774 1021 inveniri
792 960 904 1040 potest
918 960 950 1020 et
965 957 1035 1021 sine

70 1043 193 1109 maiore
220 1045 389 1110 hominum
418 1047 571 1130 querela?
619 1050 741 1130 quanto
770 1044 851 1109 illud
879 1046 1034 1110 iniustius

70 1132 174 1198 videri
196 1136 318 1217 potest,
349 1156 412 1218 quo
439 1139 567 1219 partem
589 1134 780 1200 hereditatis
805 1133 945 1218 (fiscus)
970 1134 1088 1208 sibi10

70 1221 236 1288 vindieat?
268 1226 303 1287 at
324 1223 500 1306 plurimum
522 1224 558 1287 in
580 1223 642 1288 hoo
664 1222 806 1308 vectigal
830 1221 956 1287 confert
977 1244 1034 1287 ne-

69 1309 224 1394 gotiatio:
246 1310 403 1395 quidquid
426 1316 484 1396 est,
506 1312 547 1378 de
569 1312 680 1378 futuro
704 1311 793 1377 luero
816 1314 878 1395 est,
902 1316 1033 1396 praeter

70 1399 113 1481 id,
136 1399 222 1483 quod
243 1421 311 1464 non
333 1403 443 1484 potest
464 1400 567 1467 videri
590 1401 747 1485 iniquum,
770 1400 811 1465 ed
835 1400 921 1485 quod
944 1422 1031 1465 noee-

71 1487 167 1552 ditur.
213 1492 246 1553 et
268 1489 409 1575 vectigal
433 1490 562 1574 quidem
585 1491 693 1573 ipsum
716 1489 944 1572 necessarium,
966 1510 1032 1554 non

69 1576 226 1660 iniquum.
253 1599 333 1642 num
350 1578 432 1643 haee
450 1579 571 1644 iniusta
589 1600 696 1664 poena
719 1580 778 1662 est,
801 1579 835 1642 in
859 1599 921 1661 qua
944 1577 1032 1642 furta
1053 1599 1086 1649 15

69 1665 361 1749 deprehenduntur,
379 1689 443 1752 qua
460 1668 512 1732 lex
527 1667 718 1751 vindicatur,
737 1688 800 1750 qua
818 1665 908 1730 fraus
927 1669 1033 1730 trans·

68 1752 242 1819 ferentium
257 1754 442 1840 detegitur?
466 1756 562 1822 aliter
576 1760 663 1820 stare
679 1755 820 1838 vectigal
834 1775 901 1818 non
915 1758 1033 1837 potest.

135 1841 260 1908 Eodem
283 1845 476 1909 revertimur
497 1845 630 1908 iterum:
662 1843 723 1908 hae
746 1843 874 1908 ratione
897 1863 949 1906 res
973 1864 1033 1925 pu-

68 1931 154 1996 blicu
172 1931 273 2016 loeat3
294 1933 357 1997 hae
371 1934 565 1998 necessitudo
579 1954 639 1997 nos
654 1930 864 1997 conduximus
880 1933 913 1994 et
926 1931 1031 2014 pretio

67 2019 215 2086 vicimus.
258 2024 291 2086 et
314 2021 467 2086 adversus
491 2022 602 2106 quales
626 2020 773 2085 homines
798 2018 1031 2084 conduximus?
1051 2039 1086 2087 20

69 2108 217 2194 quemvis
240 2131 346 2193 poene
369 2110 423 2195 sit,
445 2110 591 2194 quamvis
615 2109 650 2174 in
672 2109 882 2175 commissum
901 2108 1033 2174 veniant

68 2198 319 2353 dassen}
333 2197 1032 2370 dittt,dntitddmtt¹²ttd

182 2338 191 2372 ,
878 2337 884 2350 .

68 2396 215 2460 quaeque
237 2397 289 2441 res
313 2380 372 2461 est,
396 2398 478 2460 quae
501 2375 783 2462 deprehendetur?

134 2463 327 2529 Poteramus
348 2465 411 2529 tibi
426 2465 525 2530 etiam
539 2466 699 2553 imputare
713 2463 920 2528 beneficium:
936 2461 1032 2543 istud,
1052 2481 1086 2529 25

69 2552 154 2637 quod
170 2552 234 2617 tibi
244 2554 429 2639 extorqueri
439 2555 673 2640 quereris,non
683 2553 766 2636 apud
777 2573 836 2616 nos
846 2550 1031 2635 perdidisti:

70 2642 205 2706 interim
230 2638 331 2727 (quod
355 2643 437 2708 satis
461 2641 524 2729 est)
547 2642 652 2708 furem
676 2643 762 2727 apud
784 2662 844 2705 nos
868 2640 1031 2704 invenisti.

67 2729 245 2815 ignorares,
264 2731 329 2796 nisi
343 2753 403 2796 nos
417 2731 601 2816 fuissemus,
615 2731 778 2795 translate
791 2729 826 2794 in
845 2729 945 2793 eliam
958 2749 1032 2813 pro-

66 2819 207 2884 vinciam
229 2819 333 2904 furta,
356 2819 442 2884 inter
459 2820 592 2904 ignotos
610 2818 772 2902 homines,
795 2818 880 2883 inter
899 2817 1032 2883 alienos.

39 3018 45 3030 ,
145 2966 158 3014 1
179 2960 259 3030 queri
277 2959 356 3029 queri
375 2961 449 3029 3112
468 2958 650 3014 *necessarie
668 2975 691 3014 e.
711 2977 737 3013 v.
756 2957 867 3014 civitati
884 2958 926 3014 vet
943 2960 1034 3024 etiam,

68 3049 138 3102 quoe
156 3033 214 3087 iam
234 3031 391 3086 Gronovius
408 3032 508 3100 spuria
526 3031 678 3095 iudicavit,
700 3035 768 3086 νε]
789 3031 873 3085 verbo
896 3046 967 3099 opus
992 3030 1036 3082 est

67 3103 271 3173 vectigalibus,
296 3119 388 3157 censeo
406 3103 438 3156 iu
456 3103 607 3171 meruissem
624 3102 779 3167 reiciendo;
797 3103 833 3169 ef.
848 3102 970 3171 proieyq.
990 3101 999 3168 ΙΙ
1018 3103 1035 3151 5

67 3174 162 3229 edicet
179 3174 220 3230 ill.
240 3177 323 3241 M,
347 3171 464 3228 adiiciet
480 3172 520 3225 ill.
540 3177 561 3224 1²
577 3173 587 3241 ΙΙ
607 3178 622 3225 ‘I
643 3172 682 3242 et]
702 3172 739 3227 ad
758 3177 782 3225 Α
794 3173 834 3241 118
853 3170 920 3240 qnid
940 3174 964 3222 Α
976 3171 986 3240 i!
1001 3174 1035 3222 10

69 3245 146 3314 quod
163 3248 236 3314 part
254 3246 314 3300 hor.
334 3263 355 3299 s.
375 3243 452 3298 vind.
471 3242 539 3298 Rure
552 3243 561 3313 ΙΙ
574 3241 699 3317 (fiscus)
712 3243 771 3311 Bu,
789 3243 839 3312 qui
858 3246 917 3311 (per
935 3242 1035 3310 inpru-

71 3317 202 3383 dentiam,
220 3321 252 3371 ut
270 3317 391 3384 uidetur)
408 3315 500 3371 omisit
517 3315 659 3384 insequens
677 3313 732 3370 sibi
744 3316 754 3385 ΙΙ
769 3319 802 3368 lo
821 3312 904 3381 num}
919 3328 981 3365 non
995 3310 1048 3376 Rtt

67 3393 102 3444 16
126 3386 436 3443 transnansferentium
462 3391 484 3438 Δ
506 3385 516 3454 ΙΙ
540 3391 574 3442 18
597 3385 770 3443 reuertimus
787 3383 964 3439 oetersmn
979 3379 1062 3443 tw

68 3459 206 3514 vincimus
223 3461 318 3530 essm
337 3461 381 3514 est
399 3475 450 3516 om.
470 3463 492 3513 s
