2386 3816
317 189 637 247 arccanauouus.
657 190 797 249 cccxvr.
977 187 1043 259 245

393 335 731 463 DECLAMATIO.

146 514 302 581 Nondum
318 513 464 599 privatas
479 537 517 580 ac
530 515 712 601 peculiares
725 515 933 582 lacrimarum
946 518 1045 584 reddo

77 626 209 671 causas:
236 604 378 688 interim,
402 603 473 689 quis
497 605 636 670 miratur
658 604 735 669 flere
758 603 947 671 hominem?
969 606 1046 673 hinc

77 693 221 760 infantia
250 692 379 779 incipit3
414 694 451 758 in
480 693 565 759 hanc
596 693 825 759 necessitatem
857 693 1046 779 plerumque

77 783 216 850 fortuna
237 781 376 848 deducit.
410 782 483 867 quis
508 783 595 848 enim
619 786 669 848 cst
692 781 770 867 dies,
793 782 850 868 qui
867 804 935 848 non
952 785 1083 849 tristes

79 872 205 958 aliquid
233 875 266 936 et
291 869 401 937 flebile
428 871 524 938 nobis
551 871 717 939 minetur?
749 871 778 937 si
799 871 924 938 nullam
948 873 1048 938 aliam

78 962 243 1028 rationem
266 960 477 1026 lacrimarum
499 961 705 1046 haberemus,
728 964 920 1046 conspectus
938 965 1049 1027 tamen

78 1051 251 1116 hominum
270 1054 304 1115 et
321 1050 405 1115 ratio
427 1050 640 1116 mortalitatis
657 1054 790 1135 poterat
808 1051 925 1116 elicere
943 1051 1049 1116 fletus.

79 1140 144 1204 hae
171 1139 349 1222 amicitiae,
374 1139 436 1205 hae
473 1140 750 1225 propinquitates,
777 1138 813 1203 hi
846 1160 1046 1226 congressus,

79 1229 163 1294 haec
186 1228 295 1295 studia
316 1227 493 1314 laudesque
511 1229 598 1294 intra
615 1229 711 1294 breve
727 1229 886 1313 temporis
899 1248 1046 1295 momen·
1065 1243 1101 1293 10

79 1321 152 1382 tum
171 1317 318 1384 occident
336 1320 434 1402 atqua
452 1318 614 1384 labentur.
638 1322 756 1403 quotus
776 1318 912 1404 quisque
925 1319 1047 1384 transit

80 1407 160 1492 dies,
183 1426 247 1492 quo
270 1428 337 1473 non
359 1405 456 1472 funus
480 1406 700 1492 accipiamus?
722 1406 840 1492 „Flcns
863 1429 915 1472 me
938 1428 1048 1493 seque·

79 1496 127 1561 ris
156 1500 190 1562 et
214 1517 275 1581 per
295 1494 464 1580 publicum
487 1495 660 1581 sequaris.“
705 1517 772 1562 non
795 1499 902 1562 totum
925 1496 1047 1562 crimen

14 1645 18 1650 .
80 1584 199 1651 obicis:
228 1584 284 1651 diu
311 1584 374 1650 hoc
401 1589 500 1652 antea
522 1585 610 1651 domi
632 1585 704 1651 feci.
749 1585 941 1670 quantulum
965 1593 1048 1652 tem-

81 1674 173 1760 poris
196 1674 340 1758 spatium
363 1678 428 1759 est,
451 1674 564 1761 quo[d]
587 1675 689 1740 talem
711 1696 763 1740 me
786 1675 899 1741 vides?
933 1675 994 1741 fleo
1017 1680 1048 1740 le
1067 1688 1100 1739 15

82 1766 222 1848 secreto,
248 1763 306 1829 ubi
333 1763 516 1830 cubiculum
544 1767 578 1829 et
604 1785 671 1830 nox
695 1766 728 1828 et
750 1763 878 1828 animus
909 1763 973 1829 sibi
999 1785 1048 1828 re·

80 1852 181 1917 lictus
215 1851 288 1918 est?
338 1853 441 1936 „flens
477 1874 531 1918 me
568 1849 740 1936 sequeris.“
785 1850 871 1936 quod
905 1873 1049 1935 possum.

81 1941 185 2006 miror
217 1941 366 2025 equidem
397 1941 474 2006 illos
501 1940 699 2006 fortissimos
727 1942 851 2024 patres,
880 1940 936 2024 qui
962 1940 1049 2006 hunc

84 2029 186 2095 animi
209 2030 352 2097 dolorem
376 2030 476 2097 semel
499 2029 648 2095 recidunt
667 2032 699 2094 ct
716 2028 751 2094 in
768 2029 953 2095 universum
972 2030 1049 2095 flere
1183 2089 1189 2103 ,

82 2118 221 2205 definito
236 2119 346 2205 aliquo
365 2118 522 2204 temporis
547 2118 654 2203 spatio
678 2119 777 2184 semel
801 2122 931 2203 queant.
968 2119 1049 2185 flens
1067 2134 1103 2185 20

82 2211 116 2273 te
139 2229 199 2292 per
216 2207 382 2293 publicum
401 2229 531 2294 sequor:
555 2207 634 2294 quid
652 2207 752 2295 ergo?
775 2229 842 2274 non
861 2208 1047 2274 misereris?

83 2296 234 2383 gratulor
257 2297 386 2364 crimini
409 2319 492 2382 meo,
515 2297 545 2362 si
566 2297 664 2363 movi.
696 2298 725 2362 si
747 2298 828 2364 haec
851 2297 915 2362 tibi
938 2298 1048 2382 gravis

83 2385 212 2452 videtur
234 2387 373 2470 invidia,
402 2386 478 2472 quid
502 2408 583 2472 opus
608 2390 678 2453 erat
702 2386 930 2452 accusatione?
971 2384 1049 2471 quid

82 2474 267 2541 iudicibus?
299 2475 377 2562 quid
398 2476 461 2542 hac
477 2477 672 2560 probatione
691 2474 896 2542 dementiae?
933 2496 1048 2540 sanare

84 2585 136 2628 me
159 2570 300 2650 poteras.
1068 2578 1101 2629 25

150 2652 267 2740 Exigis
290 2658 403 2720 tamen
425 2676 539 2720 causas
562 2654 771 2720 lacrimarum
794 2675 949 2721 mearum
981 2676 1049 2720 non

79 2754 136 2808 'me
158 2743 298 2828 pecunia
320 2746 443 2809 movet:
477 2743 595 2810 divites
618 2742 950 2829 aliquandofuimus3
982 2764 1050 2810 non

82 2831 162 2898 illos
192 2833 259 2898 late
290 2831 455 2918 quondam
483 2835 635 2916 patentes
664 2852 762 2918 agros
791 2831 951 2916 desidero,
982 2854 1049 2900 non
1148 2830 1151 2834 ’

82 2920 199 2987 faenus
217 2942 278 2987 nec
293 2922 408 3008 ingens
421 2922 549 3006 pondus
573 2922 710 3007 argenti
737 2943 842 3007 nuper
861 2922 931 2988 aine
951 2923 1049 2990 modo

83 3009 263 3076 desideravi
286 3011 456 3077 vernulam
478 3031 595 3077 meum.
1067 3026 1102 3077 3ο

155 3207 172 3256 ὁ
192 3204 237 3258 est
254 3202 329 3285 enim
347 3205 421 3273 Bl‘l
440 3203 552 3258 tantum
570 3209 590 3256 1’
603 3205 613 3271 t
627 3209 643 3259 9
661 3204 882 3286 propinquitatis
900 3209 924 3257 A
937 3206 947 3274 fl
960 3210 994 3259 11
1009 3205 1050 3260 la·

81 3272 196 3328 bonbar
215 3291 333 3344 qunque
350 3279 392 3328 Aa
411 3276 476 3398 qut
496 3275 572 3343 quod
589 3278 651 3344 AB,
678 3293 727 3344 qm
745 3281 779 3342 Ρ,
802 3292 870 3332 corr.
889 3277 947 3331 Aer
960 3277 970 3344 ΙΙ
982 3276 1050 3359 fiere

81 3347 142 3409 AB,
161 3361 231 3401 corr.
251 3345 318 3415 Frn
333 3352 366 3401 1⁷
385 3363 415 3402 re
427 3349 516 3402 retum
533 3350 557 3398 A
570 3348 580 3416 l
598 3349 642 3401 est
660 3363 710 3405 om.
728 3349 831 3416 Eume
850 3363 900 3402 om.
919 3351 943 3399 A
956 3349 966 3415 ῃ
979 3346 1050 3416 quid

80 3424 217 3540 possunq?
236 3416 291 3539 {ct
307 3421 317 3486 l
335 3423 370 3472 18
394 3419 456 3474 erat
473 3417 528 3472 tibi
546 3433 605 3474 acc.
623 3421 663 3473 Ba
684 3418 696 3490 ll
713 3417 930 3476 accusationem
943 3421 1060 3485 Astus

82 3503 184 3540 7811211
203 3504 222 3541 8
