2386 3816
309 156 626 217 nueuuuavrouus
646 159 837 216 cccxxxm.
988 156 1055 228 '311

95 343 169 388 raro
188 320 281 386 valde
299 321 518 386 intervenient
536 324 785 408 controversiae,
807 325 842 389 in
860 326 976 410 quibus
994 326 1058 394 hoo

96 413 282 496 quaeratur,
316 432 357 474 an
385 410 427 492 is,
462 409 517 494 qui
544 411 667 495 ingrati
694 433 768 476 reus
800 416 863 498 est,
897 416 1057 499 acceperit

95 499 297 565 beneficium.
333 499 505 583 pleraeque
530 495 630 586 (sieut
647 498 742 587 haec)
762 500 932 568 devertunt
950 525 997 588 eo,
1019 509 1057 570 ut

95 588 303 673 quaestiones
331 586 490 671 habeant,
522 610 565 653 an
598 588 743 673 quisquis
772 593 931 675 acceperit
960 593 1057 658 bene-

94 676 203 742 ficium
227 679 259 741 et
281 698 348 740 non
370 675 559 761 reddiderit,
586 675 735 762 ingratus
760 677 825 744 sit?
872 701 914 744 an
937 681 1091 767 omniat

95 786 315 918 quaecunqque
344 765 572 852 exigebantur,
603 770 770 850 praestare
800 768 968 834 debuerit?
1014 792 1056 836 an

117 855 238 919 otuerit

93 876 115 940 p
162 941 299 1008 Gulosus
327 943 506 1027 figurarum
534 942 630 1008 ducet
658 944 739 1010 haec
767 944 905 1030 species,
936 949 973 1010 ut
1002 946 1056 1012 hio

93 1053 218 1117 pauper
244 1031 386 1115 imputet
412 1031 519 1115 diviti,
548 1035 714 1117 tamquam
736 1035 979 1118 praevaricatus
1004 1035 1056 1099 sit.

94 1120 128 1184 id
156 1123 266 1186 autem
294 1121 322 1184 si
349 1119 570 1185 intellexerint
593 1120 730 1206 indicae,
761 1123 814 1188 vel
837 1126 971 1208 propter
993 1123 1055 1189 hoc
1076 1140 1109 1191 ιο

94 1208 188 1272 illum
230 1208 446 1292 damnabunt,
487 1208 573 1294 quod
613 1210 856 1294 praevaricatus
899 1212 955 1296 sit,
1002 1210 1056 1279 vel

94 1301 228 1382 propter
255 1296 333 1381 hoe,
367 1297 452 1383 quod
475 1296 572 1363 hodie
597 1302 696 1383 certe,
728 1300 786 1365 ubi
808 1302 965 1384 patronus
989 1322 1057 1366 non

95 1389 242 1470 optetur,
271 1390 402 1451 accusat
424 1386 532 1471 illum,
555 1407 651 1472 quem
674 1389 744 1454 vult
768 1388 869 1454 videri
892 1390 1055 1473 praevari-

94 1475 221 1540 catione
245 1474 425 1542 dimissum.
463 1496 551 1560 ergo,
575 1476 662 1562 quod
686 1477 727 1542 ad
750 1499 858 1543 meum
882 1478 1055 1545 consilium

94 1564 245 1716 pertiqet,
268 1563 320 1629 hie
344 1564 466 1629 invitus
490 1564 571 1650 egit:
595 1587 633 1630 ea
656 1588 738 1651 quae
762 1566 896 1634 dicenda
919 1567 1055 1654 accepit,
1076 1583 1108 1633 15

92 1656 186 1736 partu
201 1652 236 1718 it.

405 1793 741 1861 DECLAMATIO.

160 1917 223 1984 Est
244 1918 409 2002 videlicet,
436 1918 572 2003 iudices,
599 1919 660 1984 hoc
685 1940 811 2003 quoque
833 1918 869 1982 in
891 1921 1055 2004 potestate

93 2006 261 2093 fortunae,
299 2010 336 2072 ut
365 2008 401 2071 in
431 2007 631 2073 contrarium
659 2007 746 2072 bona
775 2007 848 2091 ipsa
879 2011 1055 2074 convertat.

93 2097 271 2162 maximum
298 2118 350 2161 me
378 2118 398 2161 a
425 2095 526 2161 divite
550 2096 711 2181 accepisse
735 2096 938 2182 beneficium,
970 2095 1057 2182 quod
1075 2113 1110 2164 2ο

93 2185 175 2250 milri
194 2207 416 2252 consummare
435 2184 544 2250 studia
561 2184 751 2270 contigerat,
775 2184 847 2271 quis
865 2184 1057 2271 negaverit?

93 2295 168 2339 eum
200 2273 332 2339 interim
364 2274 580 2340 maximorum
612 2275 692 2340 mihi
728 2275 888 2341 malorum
924 2297 1056 2341 causam

94 2363 157 2429 hoc
179 2365 288 2449 ipsum
312 2364 431 2446 attulit,
455 2364 541 2448 quod
564 2363 697 2431 videbar
721 2364 869 2429 disertus.
915 2363 995 2428 adeo
1018 2365 1056 2427 ut

93 2452 122 2516 si
153 2452 235 2517 mihi
269 2473 383 2517 exuere
415 2453 499 2518 hanc
528 2457 656 2539 partem
685 2452 904 2537 persuasionis
936 2451 1055 2535 liceret,

94 2546 264 2626 amputare
294 2562 405 2606 vocem
434 2545 467 2607 et
497 2543 588 2608 velut
620 2563 748 2607 omnem
775 2563 870 2607 usum
900 2538 1056 2626 loquendi
1074 2555 1108 2607 ab

93 2630 274 2714 perdidisse
308 2630 493 2713 maluerim,
532 2653 630 2715 quam
662 2651 736 2695 cum
767 2629 898 2696 homine
931 2628 970 2694 de
1003 2650 1055 2694 me

95 2718 219 2803 optime
243 2719 361 2784 merito
390 2718 530 2784 iambis
555 2719 774 2784 consisterem.
811 2721 843 2783 et
865 2718 983 2803 prioris
1006 2719 1055 2783 ta·

95 2829 171 2872 men
193 2808 304 2873 iudicii
327 2808 502 2873 manifesta
525 2806 690 2872 excusatio
715 2809 799 2872 erat:
821 2807 929 2873 iussus
947 2807 1056 2891 loque·

93 2897 166 2964 bar:
198 2896 296 2963 hodie
325 2919 420 2982 quem
447 2896 580 2963 modum
602 2899 731 2962 teneam
755 2896 905 2984 actionis,
938 2897 1055 2981 quibus

167 3096 183 3145 3
202 3091 257 3144 hoc
275 3090 337 3144 dev.
356 3091 401 3160 All
420 3093 436 3142 8
455 3088 568 3158 gulosus
586 3089 739 3159 figurarum
757 3088 842 3144 ducet
858 3090 928 3144 haec
947 3107 960 3142 s
983 3087 1056 3143 ecies

92 3165 152 3231 AB,
172 3162 286 3232 gulosus
305 3161 457 3231 figurarum
476 3159 560 3214 ducet
577 3160 629 3215 hae
649 3159 757 3230 speeies
776 3160 852 3229 edd.;
869 3175 937 3214 corr.
977 3158 1055 3225 cese.

93 3235 163 3299 292,
182 3237 200 3287 5
222 3234 231 3301 ΙΙ
256 3238 289 3286 10
309 3237 331 3306 q
350 3235 374 3284 A
396 3231 405 3301 ΙΙ
430 3236 542 3284 11-12
560 3230 644 3285 illum
662 3231 687 3284 d.
708 3248 734 3299 q.
753 3248 780 3300 p.
801 3248 822 3284 s.
841 3247 867 3284 v.
886 3247 913 3300 p.
931 3229 987 3282 hoo
1005 3244 1055 3284 om.

93 3307 117 3356 A
135 3305 145 3373 ΙΙ
168 3309 202 3386 20
221 3319 301 3357 meae
319 3303 396 3387 vitae
414 3306 435 3355 B
458 3302 468 3370 ll
490 3307 524 3355 21
545 3309 577 3356 Ν
598 3305 621 3354 A
643 3303 652 3373 ΙΙ
672 3302 738 3426 quie
756 3299 903 3372 negaverit
925 3298 988 3368 quis
1006 3315 1056 3354 ue·

94 3375 206 3444 gavent
223 3375 315 3444 11122
334 3376 408 3430 mter
425 3377 449 3426 A
467 3378 492 3428 et
510 3373 569 3428 edd.
589 3375 600 3445 ss
618 3378 652 3428 23
691 3373 799 3427 evertas
819 3371 936 3440 Aell‘lu
950 3369 1066 3423 matua-

94 3461 154 3499 ram
172 3447 218 3514 All
231 3451 265 3499 27
283 3443 492 3519 consistere[m]
513 3442 555 3504 Gr
568 3446 582 3519 ll
593 3450 628 3503 28
645 3444 826 3517 loquebatur
838 3446 868 3496 ἱ
