2386 3816
340 172 658 231 DECLAMATIONES.
679 174 805 232 CCCXV.
990 176 1055 242 239

84 357 245 423 magpum
285 341 331 405 eet
368 342 401 403 et
436 337 568 404 difficile
607 338 736 404 fortiter
771 359 932 425 pugnare,
978 340 1081 425 quid¹

85 427 218 511 mirum,
241 448 313 492 esse
328 427 479 512 aliquem,
503 428 558 512 qui
577 426 683 510 <sibi>
697 429 836 510 posteat?
859 427 912 493 hio
932 430 1054 494 clamor

84 515 144 581 ille
166 515 335 601 utriusque
358 517 525 601 exercitus,
547 517 614 581 tela
633 517 693 581 illa
710 517 746 581 in
766 519 855 600 [n]cs
875 517 961 582 etin
980 539 1054 583 ocu·

84 606 141 671 los
167 605 331 670 venientia
360 609 394 670 et
417 604 533 671 cadens
558 606 733 671 secundum
755 607 843 671 latus
866 607 1056 690 commilito,

86 700 159 760 tum
182 695 322 780 gemitus
350 695 593 761 vulneratorum
621 699 654 761 et
676 693 788 780 fragor
811 695 874 759 ille·
889 711 1088 761 armorumt

86 787 124 848 ct
145 783 235 849 nitar
253 783 341 849 ferri.
387 783 501 848 deinde
529 805 602 848 cum
629 785 926 868 comparaverimus
955 784 1054 869 leges,

84 872 192 938 nihilo
217 873 323 939 minus
347 877 380 938 et
402 872 590 940 molliamus
613 873 845 958 quaestionem.

283 1146 310 1195 0
400 1136 741 1206 DECLAMATIO.

154 1279 230 1346 Non
252 1281 365 1366 utiquc
387 1281 474 1368 perit
499 1281 561 1346 lex.
594 1279 715 1366 quare?
740 1280 894 1364 quoniam
912 1280 1053 1365 plurima

84 1371 230 1436 accidere
252 1374 404 1456 possunt,
430 1374 467 1436 ut
495 1370 692 1437 desertorem
713 1389 781 1435 non
809 1370 858 1436 vir
881 1369 975 1436 fortis
1000 1386 1104 1437 oc-10

84 1460 182 1526 cidat.
232 1459 311 1526 haec
339 1460 425 1526 enim
452 1458 499 1525 sic
527 1458 607 1545 dixi,
634 1463 804 1543 tamquam
831 1459 1051 1544 inpunitatem

84 1549 261 1615 desertoris
292 1551 449 1636 peterem:
482 1571 567 1615 nunc
598 1548 637 1614 de
669 1570 775 1633 poena
802 1548 887 1614 nihil
915 1547 1051 1614 detraho

84 1638 258 1704 desertoris
265 1667 286 1724 ,·
312 1638 351 1703 de
379 1639 529 1704 ministro
556 1642 700 1717 tantum,
729 1637 767 1702 de
795 1660 894 1703 manu
922 1641 1052 1703 tantum

84 1728 260 1812 quaeritur.
305 1727 490 1813 frequenter
523 1731 634 1794 autem
665 1747 799 1793 neccsse
833 1730 884 1791 est
918 1727 1052 1810 accidat,

82 1820 124 1882 ut
152 1817 348 1884 desertorem
374 1839 440 1883 non
468 1817 518 1882 vir
546 1816 642 1882 fortis
671 1814 806 1880 occidat.
851 1815 939 1899 finge
962 1815 1104 1880 dese-15

82 1907 189 1972 ruisse
204 1907 346 1992 aliquem
360 1910 393 1972 et
406 1905 570 1971 neminem
582 1904 714 1970 fortiter
728 1903 856 1983 fecisse:
880 1902 1052 1967 incolumis

83 1995 149 2060 erit
171 1994 340 2061 desertor?
370 1997 456 2081 finge
481 1993 611 2060 fortiter
633 2013 797 2078 pugnasse
821 1991 973 2076 aliquem,
996 1991 1052 2056 sed
1164 2011 1167 2014 ’

81 2084 121 2149 in
148 2083 220 2170 ipsa
247 2104 359 2169 pugna
388 2083 609 2169 debilitatum,
640 2082 690 2148 ita
722 2085 760 2147 ut
790 2103 923 2146 manum
958 2081 1053 2146 amit-

82 2176 183 2238 teret:
206 2173 364 2259 numquid
385 2194 451 2238 non
473 2194 604 2238 necesse
628 2175 679 2237 est
702 2170 811 2237 subire
830 2171 970 2256 aliquem
990 2170 1052 2236 hoc

82 2261 326 2327 ministerium?
363 2262 426 2328 hoo
449 2263 488 2327 de
512 2262 635 2328 alienis.
681 2264 851 2346 praeterea
872 2260 940 2345 lex,
965 2281 1051 2344 ¹quae
1070 2275 1104 2324 20

84 2349 286 2416 desertorem
310 2374 330 2416 a
353 2351 422 2417 viro
446 2351 525 2417 forti
544 2350 646 2417 occidi
664 2350 768 2434 iussit,
790 2349 873 2414 nihil
893 2349 1050 2434 cogitavit

83 2440 124 2506 de
149 2439 211 2505 hac
233 2440 437 2506 necessitate.
474 2439 633 2526 quaedam
657 2439 787 2506 etiamsi
810 2437 902 2503 nulla
926 2437 1050 2522 signifi-

82 2529 213 2596 catione
240 2529 323 2614 legis
351 2529 585 2615 comprehensa
613 2529 692 2612 sint,
719 2531 839 2620 natura
861 2530 972 2593 tamen
996 2549 1050 2592 ex-

157 2764 171 2813 1
196 2757 313 2829 dignum
335 2764 398 2827 AB,
422 2755 1049 2828 cera-Grttsitetdif.n‚corr.1iaaet

80 2830 126 2886 Ro
140 2831 151 2900 ΙΙ
164 2847 248 2899 quam
271 2834 332 2900 AB,
360 2847 430 2888 corr.
449 2829 493 2885 Ro
515 2831 525 2899 ΙΙ
548 2835 564 2884 2
583 2826 653 2897 *qui
670 2829 769 2898 pereat
786 2831 847 2897 AB,
872 2828 920 2896 qui
938 2828 1049 2883 deserat

80 2902 142 2958 edd.
165 2901 335 2974 113*[η]οε
362 2904 372 2972 ΙΙ
399 2908 416 2958 t
440 2900 615 2957 secundis
633 2898 1048 2982 &utut—tucommilitcnam

12 3092 17 3101 .
81 2973 432 3113 reserauit
444 2974 626 3116 iiiiii
639 2971 866 3113 utiliter
880 2971 1049 3109 iltuit]

81 3122 153 3173 tacte
171 3117 254 3173 certa
270 3134 329 3173 non
346 3116 444 3188 utique
463 3121 510 3174 otc.
526 3147 559 3158 -
579 3115 691 3172 occidat
708 3120 787 3171 orara
805 3114 895 3172 attae
917 3114 1049 3170 emmonis

81 3193 107 3244 et
129 3189 293 3246 declamatio
315 3190 466 3260 incipiebat
483 3189 519 3245 ab
538 3189 608 3244 haec
627 3188 723 3243 autem
744 3189 754 3256 ΙΙ
779 3191 810 3241 11
835 3202 888 3240 nec
912 3183 986 3239 enim
1006 3185 1049 3239 six

81 3259 141 3315 dixi
163 3259 235 3329 Lat,
262 3262 333 3318 haec
355 3277 412 3316 non
435 3279 457 3316 a.
476 3260 502 3316 d.
524 3258 580 3318 oar
606 3262 616 3331 n
644 3265 678 3314 12
702 3275 769 3313 nam
787 3257 822 3312 de
839 3271 932 3326 poena
949 3255 1006 3311 Lat
1024 3261 1049 3312 et

83 3330 140 3388 oar
161 3333 172 3402 Ι
194 3336 228 3387 15
248 3335 280 3388 ut
298 3333 355 3389 dee.
375 3352 402 3388 n.
421 3351 448 3388 v.
467 3331 486 3389 f.
506 3331 617 3387 occidat
634 3347 686 3386 cm.
704 3333 769 3382 Aa!
827 3332 932 3384 18-19
951 3344 1048 3382 manu-

80 3404 210 3460 mitteret
227 3408 264 3475 A,
291 3422 377 3461 manu
400 3404 582 3460 amitteret?
604 3404 614 3474 t
638 3409 671 3457 19
696 3401 772 3458 aa*
808 3399 903 3469 'quom
918 3395 1051 3470 <alium
1175 3432 1187 3449 s

82 3474 119 3544 (a)
131 3477 144 3544 p
157 3481 189 3530 ar
208 3474 283 3531 roae
298 3483 321 3531 r
