<?xml version="1.0" encoding="UTF-8"?>
<!DOCTYPE html PUBLIC "-//W3C//DTD XHTML 1.0 Transitional//EN"
    "http://www.w3.org/TR/xhtml1/DTD/xhtml1-transitional.dtd">
<html xmlns="http://www.w3.org/1999/xhtml" xml:lang="en" lang="en">
 <head>
  <title>
</title>
<meta http-equiv="Content-Type" content="text/html;charset=utf-8" />
  <meta name='ocr-system' content='tesseract 3.04.00' />
  <meta name='ocr-capabilities' content='ocr_page ocr_carea ocr_par ocr_line ocrx_word'/>
</head>
<body>
  <div class='ocr_page' id='page_1' title='image "./mfabiiquintilia01rittgoog_0127.png"; bbox 0 0 2386 3816; ppageno 0'>
   <div class='ocr_carea' id='block_1_1' title="bbox 529 145 762 211">
    <p class='ocr_par' dir='ltr' id='par_1_1' title="bbox 529 145 762 211">
     <span class='ocr_line' id='line_1_1' title="bbox 529 145 762 211; baseline -0.009 -10"><span class='ocrx_word' id='word_1_1' title='bbox 529 145 762 211; x_wconf 77' lang='lat' dir='ltr'><strong>QUINTILIANI</strong></span> 
     </span>
    </p>
   </div>
   <div class='ocr_carea' id='block_1_2' title="bbox 334 304 958 518">
    <p class='ocr_par' dir='ltr' id='par_1_2' title="bbox 334 304 958 518">
     <span class='ocr_line' id='line_1_2' title="bbox 534 304 773 375; baseline -0.004 0"><span class='ocrx_word' id='word_1_2' title='bbox 534 304 773 375; x_wconf 63' lang='lat' dir='ltr'>oomni·</span> 
     </span>
     <span class='ocr_line' id='line_1_3' title="bbox 334 429 958 518; baseline -0.003 -19"><span class='ocrx_word' id='word_1_3' title='bbox 334 430 482 518; x_wconf 78' lang='lat' dir='ltr'>Orator,</span> <span class='ocrx_word' id='word_1_4' title='bbox 505 431 683 517; x_wconf 88' lang='lat' dir='ltr'>medicus,</span> <span class='ocrx_word' id='word_1_5' title='bbox 707 429 958 515; x_wconf 86' lang='lat' dir='ltr'>philosophus.</span> 
     </span>
    </p>
   </div>
   <div class='ocr_carea' id='block_1_3' title="bbox 130 553 1140 822">
    <p class='ocr_par' dir='ltr' id='par_1_3' title="bbox 130 553 1140 822">
     <span class='ocr_line' id='line_1_4' title="bbox 166 553 1140 642; baseline -0.004 -18"><span class='ocrx_word' id='word_1_6' title='bbox 166 556 250 624; x_wconf 80' lang='lat' dir='ltr'>Oont</span> <span class='ocrx_word' id='word_1_7' title='bbox 252 559 373 624; x_wconf 89' lang='lat' dir='ltr'>endunt</span> <span class='ocrx_word' id='word_1_8' title='bbox 358 562 474 623; x_wconf 86' lang='lat' dir='ltr'>ttora</span> <span class='ocrx_word' id='word_1_9' title='bbox 475 581 525 642; x_wconf 89' lang='lat' dir='ltr'>or,</span> <span class='ocrx_word' id='word_1_10' title='bbox 548 558 706 640; x_wconf 85' lang='lat' dir='ltr'>medicus,</span> <span class='ocrx_word' id='word_1_11' title='bbox 727 555 943 641; x_wconf 88' lang='lat' dir='ltr'>philosophus</span> <span class='ocrx_word' id='word_1_12' title='bbox 968 553 1008 618; x_wconf 91' lang='lat' dir='ltr'>de</span> <span class='ocrx_word' id='word_1_13' title='bbox 1031 555 1140 620; x_wconf 82' lang='lat' dir='ltr'>bonis</span> 
     </span>
     <span class='ocr_line' id='line_1_5' title="bbox 253 643 1139 750; baseline -0.003 -38"><span class='ocrx_word' id='word_1_14' title='bbox 253 647 366 750; x_wconf 86' lang='lat' dir='ltr'>patris,</span> <span class='ocrx_word' id='word_1_15' title='bbox 386 650 442 733; x_wconf 90' lang='lat' dir='ltr'>qui</span> <span class='ocrx_word' id='word_1_16' title='bbox 460 650 657 713; x_wconf 84' lang='lat' dir='ltr'>testamento</span> <span class='ocrx_word' id='word_1_17' title='bbox 676 667 749 710; x_wconf 92' lang='lat' dir='ltr'>eum</span> <span class='ocrx_word' id='word_1_18' title='bbox 768 643 921 709; x_wconf 83' lang='lat' dir='ltr'>heredem</span> <span class='ocrx_word' id='word_1_19' title='bbox 939 644 1139 730; x_wconf 52' lang='lat' dir='ltr'>reliquerctr</span> 
     </span>
     <span class='ocr_line' id='line_1_6' title="bbox 130 732 1061 822; baseline -0.002 -22"><span class='ocrx_word' id='word_1_20' title='bbox 130 752 145 800; x_wconf 84' lang='lat'><strong>5</strong></span> <span class='ocrx_word' id='word_1_21' title='bbox 255 737 311 822; x_wconf 92' lang='lat' dir='ltr'>qui</span> <span class='ocrx_word' id='word_1_22' title='bbox 334 759 368 802; x_wconf 88' lang='lat' dir='ltr'>se</span> <span class='ocrx_word' id='word_1_23' title='bbox 390 737 563 822; x_wconf 77' lang='lat' dir='ltr'>probasset</span> <span class='ocrx_word' id='word_1_24' title='bbox 586 735 727 821; x_wconf 83' lang='lat' dir='ltr'>emplius</span> <span class='ocrx_word' id='word_1_25' title='bbox 750 733 902 818; x_wconf 83' lang='lat' dir='ltr'>prodesse</span> <span class='ocrx_word' id='word_1_26' title='bbox 925 732 1061 799; x_wconf 84' lang='lat' dir='ltr'>civibus</span> 
     </span>
    </p>
   </div>
   <div class='ocr_carea' id='block_1_4' title="bbox 481 910 813 979">
    <p class='ocr_par' dir='ltr' id='par_1_4' title="bbox 481 910 813 979">
     <span class='ocr_line' id='line_1_7' title="bbox 481 910 813 979; baseline -0.003 0"><span class='ocrx_word' id='word_1_27' title='bbox 481 910 813 979; x_wconf 79' lang='lat' dir='ltr'><strong>DECLAMATIO.</strong></span> 
     </span>
    </p>
   </div>
   <div class='ocr_carea' id='block_1_5' title="bbox 100 1035 1138 2992">
    <p class='ocr_par' dir='ltr' id='par_1_5' title="bbox 167 1035 1138 1303">
     <span class='ocr_line' id='line_1_8' title="bbox 232 1035 1134 1120; baseline -0.004 -16"><span class='ocrx_word' id='word_1_28' title='bbox 232 1038 300 1104; x_wconf 87' lang='lat' dir='ltr'>Lex</span> <span class='ocrx_word' id='word_1_29' title='bbox 323 1043 399 1106; x_wconf 88' lang='lat' dir='ltr'>cont</span> <span class='ocrx_word' id='word_1_30' title='bbox 400 1043 455 1104; x_wconf 90' lang='lat' dir='ltr'>ent</span> <span class='ocrx_word' id='word_1_31' title='bbox 384 1039 540 1106; x_wconf 88' lang='lat' dir='ltr'>ttionis</span> <span class='ocrx_word' id='word_1_32' title='bbox 565 1042 598 1104; x_wconf 90' lang='lat' dir='ltr'>et</span> <span class='ocrx_word' id='word_1_33' title='bbox 583 1038 762 1104; x_wconf 83' lang='lat' dir='ltr'>tformula</span> <span class='ocrx_word' id='word_1_34' title='bbox 781 1039 814 1102; x_wconf 89' lang='lat' dir='ltr'>et</span> <span class='ocrx_word' id='word_1_35' title='bbox 833 1057 928 1101; x_wconf 88' lang='lat' dir='ltr'>omne</span> <span class='ocrx_word' id='word_1_36' title='bbox 945 1035 1134 1120; x_wconf 87' lang='lat' dir='ltr'>praescrip·</span> 
     </span>
     <span class='ocr_line' id='line_1_9' title="bbox 168 1124 1132 1212; baseline -0.002 -20"><span class='ocrx_word' id='word_1_37' title='bbox 168 1131 236 1193; x_wconf 91' lang='lat' dir='ltr'>tum</span> <span class='ocrx_word' id='word_1_38' title='bbox 270 1151 309 1193; x_wconf 88' lang='lat' dir='ltr'>ex</span> <span class='ocrx_word' id='word_1_39' title='bbox 340 1131 537 1195; x_wconf 81' lang='lat' dir='ltr'>testamento</span> <span class='ocrx_word' id='word_1_40' title='bbox 569 1127 675 1212; x_wconf 85' lang='lat' dir='ltr'>patris</span> <span class='ocrx_word' id='word_1_41' title='bbox 705 1125 837 1212; x_wconf 77' lang='lat' dir='ltr'>pendet:</span> <span class='ocrx_word' id='word_1_42' title='bbox 874 1124 964 1190; x_wconf 87' lang='lat' dir='ltr'>cuius</span> <span class='ocrx_word' id='word_1_43' title='bbox 987 1124 1038 1190; x_wconf 84' lang='lat' dir='ltr'>vis</span> <span class='ocrx_word' id='word_1_44' title='bbox 1061 1147 1132 1190; x_wconf 92' lang='lat' dir='ltr'>non</span> 
     </span>
     <span class='ocr_line' id='line_1_10' title="bbox 167 1213 1138 1319; baseline -0.002 -38"><span class='ocrx_word' id='word_1_45' title='bbox 167 1221 216 1282; x_wconf 89' lang='lat' dir='ltr'>est</span> <span class='ocrx_word' id='word_1_46' title='bbox 240 1239 287 1297; x_wconf 86' lang='lat' dir='ltr'>ee,</span> <span class='ocrx_word' id='word_1_47' title='bbox 309 1223 347 1283; x_wconf 89' lang='lat' dir='ltr'>ut</span> <span class='ocrx_word' id='word_1_48' title='bbox 370 1222 554 1303; x_wconf 82' lang='lat' dir='ltr'>quaeretur,</span> <span class='ocrx_word' id='word_1_49' title='bbox 577 1237 660 1319; x_wconf 78' lang='lat' dir='ltr'>quoe</span> <span class='ocrx_word' id='word_1_50' title='bbox 677 1215 838 1300; x_wconf 86' lang='lat' dir='ltr'>professio</span> <span class='ocrx_word' id='word_1_51' title='bbox 854 1237 896 1279; x_wconf 86' lang='lat' dir='ltr'>ex</span> <span class='ocrx_word' id='word_1_52' title='bbox 914 1213 1036 1280; x_wconf 89' lang='lat' dir='ltr'>nostris</span> <span class='ocrx_word' id='word_1_53' title='bbox 1056 1236 1138 1298; x_wconf 77' lang='lat' dir='ltr'>spe·</span> 
     </span>
    </p>

    <p class='ocr_par' dir='ltr' id='par_1_6' title="bbox 114 1299 1132 1747">
     <span class='ocr_line' id='line_1_11' title="bbox 114 1299 1132 1393; baseline -0.003 -22"><span class='ocrx_word' id='word_1_54' title='bbox 114 1325 147 1372; x_wconf 94' lang='lat'>10</span> <span class='ocrx_word' id='word_1_55' title='bbox 167 1306 348 1371; x_wconf 83' lang='lat' dir='ltr'>ciosissime</span> <span class='ocrx_word' id='word_1_56' title='bbox 375 1307 586 1393; x_wconf 82' lang='lat' dir='ltr'>(quamquem</span> <span class='ocrx_word' id='word_1_57' title='bbox 615 1306 662 1370; x_wconf 90' lang='lat' dir='ltr'>sic</span> <span class='ocrx_word' id='word_1_58' title='bbox 690 1326 818 1390; x_wconf 92' lang='lat' dir='ltr'>quoque</span> <span class='ocrx_word' id='word_1_59' title='bbox 845 1299 1037 1390; x_wconf 80' lang='lat' dir='ltr'>vincerem),</span> <span class='ocrx_word' id='word_1_60' title='bbox 1070 1302 1132 1368; x_wconf 88' lang='lat' dir='ltr'>sed</span> 
     </span>
     <span class='ocr_line' id='line_1_12' title="bbox 167 1392 1129 1478; baseline 0 -21"><span class='ocrx_word' id='word_1_61' title='bbox 167 1415 248 1477; x_wconf 87' lang='lat' dir='ltr'>quae</span> <span class='ocrx_word' id='word_1_62' title='bbox 277 1394 404 1459; x_wconf 80' lang='lat' dir='ltr'>civitati</span> <span class='ocrx_word' id='word_1_63' title='bbox 433 1395 478 1460; x_wconf 88' lang='lat' dir='ltr'>sit</span> <span class='ocrx_word' id='word_1_64' title='bbox 500 1395 686 1461; x_wconf 85' lang='lat' dir='ltr'>utilissimo.</span> <span class='ocrx_word' id='word_1_65' title='bbox 731 1393 889 1458; x_wconf 91' lang='lat' dir='ltr'>nihilt</span> <span class='ocrx_word' id='word_1_66' title='bbox 838 1396 889 1458; x_wconf 91' lang='lat' dir='ltr'>est</span> <span class='ocrx_word' id='word_1_67' title='bbox 912 1412 1005 1478; x_wconf 84' lang='lat' dir='ltr'>ergo,</span> <span class='ocrx_word' id='word_1_68' title='bbox 1039 1392 1129 1477; x_wconf 92' lang='lat' dir='ltr'>quod</span> 
     </span>
     <span class='ocr_line' id='line_1_13' title="bbox 165 1482 1130 1568; baseline 0 -22"><span class='ocrx_word' id='word_1_69' title='bbox 165 1482 297 1567; x_wconf 81' lang='lat' dir='ltr'>ingenia</span> <span class='ocrx_word' id='word_1_70' title='bbox 323 1484 391 1549; x_wconf 84' lang='lat' dir='ltr'>ieet</span> <span class='ocrx_word' id='word_1_71' title='bbox 392 1487 460 1568; x_wconf 86' lang='lat' dir='ltr'>ent,</span> <span class='ocrx_word' id='word_1_72' title='bbox 432 1483 574 1549; x_wconf 87' lang='lat' dir='ltr'>tnihil</span> <span class='ocrx_word' id='word_1_73' title='bbox 602 1482 688 1568; x_wconf 92' lang='lat' dir='ltr'>quod</span> <span class='ocrx_word' id='word_1_74' title='bbox 715 1505 755 1548; x_wconf 85' lang='lat' dir='ltr'>ex</span> <span class='ocrx_word' id='word_1_75' title='bbox 783 1482 892 1550; x_wconf 82' lang='lat' dir='ltr'>animo</span> <span class='ocrx_word' id='word_1_76' title='bbox 916 1503 974 1547; x_wconf 91' lang='lat' dir='ltr'>suo</span> <span class='ocrx_word' id='word_1_77' title='bbox 996 1485 1130 1546; x_wconf 87' lang='lat' dir='ltr'>tuntum</span> 
     </span>
     <span class='ocr_line' id='line_1_14' title="bbox 165 1535 1131 1657; baseline 0.001 -22"><span class='ocrx_word' id='word_1_78' title='bbox 165 1571 322 1636; x_wconf 85' lang='lat' dir='ltr'>referunt:</span> <span class='ocrx_word' id='word_1_79' title='bbox 347 1535 522 1657; x_wconf 84' lang='lat' dir='ltr'>quaeritur,</span> <span class='ocrx_word' id='word_1_80' title='bbox 546 1572 617 1657; x_wconf 89' lang='lat' dir='ltr'>quis</span> <span class='ocrx_word' id='word_1_81' title='bbox 642 1571 792 1638; x_wconf 90' lang='lat' dir='ltr'>omnibus</span> <span class='ocrx_word' id='word_1_82' title='bbox 814 1570 928 1657; x_wconf 78' lang='lat' dir='ltr'>prosit.</span> <span class='ocrx_word' id='word_1_83' title='bbox 905 1570 1003 1636; x_wconf 89' lang='lat' dir='ltr'>tsit</span> <span class='ocrx_word' id='word_1_84' title='bbox 1019 1569 1131 1655; x_wconf 92' lang='lat' dir='ltr'>philo·</span> 
     </span>
     <span class='ocr_line' id='line_1_15' title="bbox 167 1658 1130 1747; baseline 0 -23"><span class='ocrx_word' id='word_1_85' title='bbox 167 1659 283 1746; x_wconf 81' lang='lat' dir='ltr'>sophia</span> <span class='ocrx_word' id='word_1_86' title='bbox 301 1683 353 1726; x_wconf 90' lang='lat' dir='ltr'>res</span> <span class='ocrx_word' id='word_1_87' title='bbox 373 1684 512 1727; x_wconf 86' lang='lat' dir='ltr'>summa:</span> <span class='ocrx_word' id='word_1_88' title='bbox 531 1661 573 1727; x_wconf 84' lang='lat' dir='ltr'>ed</span> <span class='ocrx_word' id='word_1_89' title='bbox 590 1682 713 1747; x_wconf 84' lang='lat' dir='ltr'>paucos</span> <span class='ocrx_word' id='word_1_90' title='bbox 732 1660 887 1744; x_wconf 79' lang='lat' dir='ltr'>pertinet3</span> <span class='ocrx_word' id='word_1_91' title='bbox 911 1660 955 1724; x_wconf 95' lang='lat' dir='ltr'>sit</span> <span class='ocrx_word' id='word_1_92' title='bbox 973 1658 1130 1744; x_wconf 90' lang='lat' dir='ltr'>eloquen-</span> 
     </span>
    </p>

    <p class='ocr_par' dir='ltr' id='par_1_7' title="bbox 114 1748 1136 1925">
     <span class='ocr_line' id='line_1_16' title="bbox 114 1748 1131 1834; baseline 0 -20"><span class='ocrx_word' id='word_1_93' title='bbox 114 1765 146 1815; x_wconf 85' lang='lat'>15</span> <span class='ocrx_word' id='word_1_94' title='bbox 166 1748 214 1814; x_wconf 88' lang='grc' dir='ltr'>ιιι</span> <span class='ocrx_word' id='word_1_95' title='bbox 246 1771 298 1815; x_wconf 85' lang='grc' dir='ltr'>ιιι</span> <span class='ocrx_word' id='word_1_96' title='bbox 332 1750 545 1816; x_wconf 85' lang='lat' dir='ltr'>admirabilis:</span> <span class='ocrx_word' id='word_1_97' title='bbox 579 1772 645 1815; x_wconf 93' lang='grc' dir='ltr'><strong>ιιοιι</strong></span> <span class='ocrx_word' id='word_1_98' title='bbox 671 1748 820 1834; x_wconf 90' lang='lat' dir='ltr'>pluribus</span> <span class='ocrx_word' id='word_1_99' title='bbox 850 1748 995 1833; x_wconf 86' lang='lat' dir='ltr'>prodest,</span> <span class='ocrx_word' id='word_1_100' title='bbox 1025 1769 1131 1832; x_wconf 85' lang='lat' dir='ltr'>quem</span> 
     </span>
     <span class='ocr_line' id='line_1_17' title="bbox 165 1838 1136 1925; baseline 0 -22"><span class='ocrx_word' id='word_1_101' title='bbox 165 1842 270 1904; x_wconf 89' lang='lat' dir='ltr'>nocet.</span> <span class='ocrx_word' id='word_1_102' title='bbox 300 1840 371 1904; x_wconf 84' lang='lat' dir='ltr'>sole</span> <span class='ocrx_word' id='word_1_103' title='bbox 394 1843 445 1904; x_wconf 93' lang='lat' dir='ltr'>est</span> <span class='ocrx_word' id='word_1_104' title='bbox 467 1839 636 1925; x_wconf 84' lang='lat' dir='ltr'>medicine,</span> <span class='ocrx_word' id='word_1_105' title='bbox 659 1861 723 1924; x_wconf 85' lang='lat' dir='ltr'>quo</span> <span class='ocrx_word' id='word_1_106' title='bbox 742 1860 822 1922; x_wconf 92' lang='lat' dir='ltr'>opus</span> <span class='ocrx_word' id='word_1_107' title='bbox 843 1839 886 1903; x_wconf 90' lang='lat' dir='ltr'>sit</span> <span class='ocrx_word' id='word_1_108' title='bbox 905 1838 1065 1904; x_wconf 90' lang='lat' dir='ltr'>omnibus.</span> <span class='ocrx_word' id='word_1_109' title='bbox 1094 1841 1136 1903; x_wconf 90' lang='lat' dir='ltr'>et</span> 
     </span>
    </p>

    <p class='ocr_par' dir='ltr' id='par_1_8' title="bbox 100 1920 1131 2190">
     <span class='ocr_line' id='line_1_18' title="bbox 100 1920 1129 2014; baseline 0.001 -23"><span class='ocrx_word' id='word_1_110' title='bbox 100 1920 108 1940; x_wconf 85' lang='lat'>&#39;</span> <span class='ocrx_word' id='word_1_111' title='bbox 165 1933 293 2010; x_wconf 85' lang='lat' dir='ltr'>patrem</span> <span class='ocrx_word' id='word_1_112' title='bbox 317 1950 444 2014; x_wconf 91' lang='lat' dir='ltr'>quoque</span> <span class='ocrx_word' id='word_1_113' title='bbox 462 1933 611 1995; x_wconf 88' lang='lat' dir='ltr'>nostrum</span> <span class='ocrx_word' id='word_1_114' title='bbox 630 1927 663 1993; x_wconf 96' lang='lat' dir='ltr'>id</span> <span class='ocrx_word' id='word_1_115' title='bbox 682 1928 834 2011; x_wconf 84' lang='lat' dir='ltr'>voluisse,</span> <span class='ocrx_word' id='word_1_116' title='bbox 856 1931 894 1992; x_wconf 96' lang='lat' dir='ltr'>ut</span> <span class='ocrx_word' id='word_1_117' title='bbox 911 1926 1005 2012; x_wconf 80' lang='lat' dir='ltr'>hene,</span> <span class='ocrx_word' id='word_1_118' title='bbox 1029 1949 1129 2012; x_wconf 80' lang='lat' dir='ltr'>quem</span> 
     </span>
     <span class='ocr_line' id='line_1_19' title="bbox 164 2016 1131 2103; baseline 0.001 -24"><span class='ocrx_word' id='word_1_119' title='bbox 164 2016 199 2080; x_wconf 93' lang='grc' dir='ltr'>ιιι</span> <span class='ocrx_word' id='word_1_120' title='bbox 223 2018 431 2082; x_wconf 77' lang='lat' dir='ltr'>contentione</span> <span class='ocrx_word' id='word_1_121' title='bbox 459 2016 630 2103; x_wconf 88' lang='lat' dir='ltr'>reliquisse</span> <span class='ocrx_word' id='word_1_122' title='bbox 652 2016 793 2101; x_wconf 80' lang='lat' dir='ltr'>videtur,</span> <span class='ocrx_word' id='word_1_123' title='bbox 819 2018 947 2100; x_wconf 84' lang='lat' dir='ltr'>partem</span> <span class='ocrx_word' id='word_1_124' title='bbox 971 2016 1131 2101; x_wconf 88' lang='lat' dir='ltr'>quodam·</span> 
     </span>
     <span class='ocr_line' id='line_1_20' title="bbox 165 2103 1131 2190; baseline 0.003 -23"><span class='ocrx_word' id='word_1_125' title='bbox 165 2103 261 2168; x_wconf 91' lang='lat' dir='ltr'>modo</span> <span class='ocrx_word' id='word_1_126' title='bbox 285 2105 413 2171; x_wconf 80' lang='lat' dir='ltr'>civitati</span> <span class='ocrx_word' id='word_1_127' title='bbox 436 2107 537 2190; x_wconf 83' lang='lat' dir='ltr'>daret,</span> <span class='ocrx_word' id='word_1_128' title='bbox 560 2105 769 2171; x_wconf 87' lang='lat' dir='ltr'>menifestum</span> <span class='ocrx_word' id='word_1_129' title='bbox 793 2108 852 2171; x_wconf 90' lang='lat' dir='ltr'>est.</span> <span class='ocrx_word' id='word_1_130' title='bbox 887 2126 953 2170; x_wconf 92' lang='grc' dir='ltr'><strong>ιιοιι</strong></span> <span class='ocrx_word' id='word_1_131' title='bbox 977 2104 1040 2170; x_wconf 93' lang='lat' dir='ltr'>sibi</span> <span class='ocrx_word' id='word_1_132' title='bbox 1063 2106 1131 2170; x_wconf 89' lang='lat' dir='ltr'>uti·</span> 
     </span>
    </p>

    <p class='ocr_par' dir='ltr' id='par_1_9' title="bbox 110 2191 1134 2724">
     <span class='ocr_line' id='line_1_21' title="bbox 113 2191 1134 2280; baseline 0.002 -22"><span class='ocrx_word' id='word_1_133' title='bbox 113 2210 147 2258; x_wconf 74' lang='grc' dir='ltr'>ιο</span> <span class='ocrx_word' id='word_1_134' title='bbox 166 2191 342 2277; x_wconf 86' lang='lat' dir='ltr'>lissimum,</span> <span class='ocrx_word' id='word_1_135' title='bbox 374 2215 441 2259; x_wconf 89' lang='lat' dir='ltr'>non</span> <span class='ocrx_word' id='word_1_136' title='bbox 469 2194 579 2260; x_wconf 78' lang='lat' dir='ltr'>amicis</span> <span class='ocrx_word' id='word_1_137' title='bbox 607 2194 832 2280; x_wconf 86' lang='lat' dir='ltr'>utilissimum,</span> <span class='ocrx_word' id='word_1_138' title='bbox 863 2215 930 2260; x_wconf 92' lang='lat' dir='ltr'>non</span> <span class='ocrx_word' id='word_1_139' title='bbox 961 2193 999 2258; x_wconf 95' lang='lat' dir='ltr'>de</span> <span class='ocrx_word' id='word_1_140' title='bbox 1031 2197 1134 2280; x_wconf 85' lang='lat' dir='ltr'>putre</span> 
     </span>
     <span class='ocr_line' id='line_1_22' title="bbox 166 2281 1132 2368; baseline 0.004 -22"><span class='ocrx_word' id='word_1_141' title='bbox 166 2281 287 2366; x_wconf 88' lang='lat' dir='ltr'>optime</span> <span class='ocrx_word' id='word_1_142' title='bbox 311 2283 478 2349; x_wconf 84' lang='lat' dir='ltr'>meritum:</span> <span class='ocrx_word' id='word_1_143' title='bbox 504 2283 635 2368; x_wconf 90' lang='lat' dir='ltr'>proprie</span> <span class='ocrx_word' id='word_1_144' title='bbox 658 2283 735 2368; x_wconf 93' lang='lat' dir='ltr'>quid</span> <span class='ocrx_word' id='word_1_145' title='bbox 757 2283 841 2348; x_wconf 87' lang='lat' dir='ltr'>ferre</span> <span class='ocrx_word' id='word_1_146' title='bbox 865 2304 904 2348; x_wconf 87' lang='lat' dir='ltr'>ex</span> <span class='ocrx_word' id='word_1_147' title='bbox 926 2285 1132 2350; x_wconf 83' lang='lat' dir='ltr'>testamento</span> 
     </span>
     <span class='ocr_line' id='line_1_23' title="bbox 166 2370 1129 2458; baseline 0.002 -23"><span class='ocrx_word' id='word_1_148' title='bbox 166 2392 223 2436; x_wconf 90' lang='lat' dir='ltr'>suo</span> <span class='ocrx_word' id='word_1_149' title='bbox 251 2371 369 2456; x_wconf 85' lang='lat' dir='ltr'>voluit,</span> <span class='ocrx_word' id='word_1_150' title='bbox 406 2372 462 2458; x_wconf 92' lang='lat' dir='ltr'>qui</span> <span class='ocrx_word' id='word_1_151' title='bbox 490 2370 591 2439; x_wconf 85' lang='lat' dir='ltr'>fuerit</span> <span class='ocrx_word' id='word_1_152' title='bbox 617 2373 708 2438; x_wconf 89' lang='lat' dir='ltr'>utilis</span> <span class='ocrx_word' id='word_1_153' title='bbox 732 2372 879 2439; x_wconf 74' lang='lat' dir='ltr'>civitati·</span> <span class='ocrx_word' id='word_1_154' title='bbox 913 2392 992 2456; x_wconf 85' lang='lat' dir='ltr'>ergo</span> <span class='ocrx_word' id='word_1_155' title='bbox 1016 2376 1049 2437; x_wconf 92' lang='lat' dir='ltr'>et</span> <span class='ocrx_word' id='word_1_156' title='bbox 1072 2394 1129 2437; x_wconf 84' lang='grc' dir='ltr'>ιι-</span> 
     </span>
     <span class='ocr_line' id='line_1_24' title="bbox 165 2460 1134 2546; baseline 0.003 -22"><span class='ocrx_word' id='word_1_157' title='bbox 165 2460 306 2545; x_wconf 85' lang='lat' dir='ltr'>queliter</span> <span class='ocrx_word' id='word_1_158' title='bbox 334 2461 375 2525; x_wconf 89' lang='lat' dir='ltr'>ad</span> <span class='ocrx_word' id='word_1_159' title='bbox 403 2482 515 2526; x_wconf 88' lang='lat' dir='ltr'>omnes</span> <span class='ocrx_word' id='word_1_160' title='bbox 538 2461 700 2528; x_wconf 84' lang='lat' dir='ltr'>medicine</span> <span class='ocrx_word' id='word_1_161' title='bbox 723 2463 793 2527; x_wconf 85' lang='lat' dir='ltr'>sola</span> <span class='ocrx_word' id='word_1_162' title='bbox 815 2461 958 2546; x_wconf 87' lang='lat' dir='ltr'>pertinet</span> <span class='ocrx_word' id='word_1_163' title='bbox 981 2465 1013 2526; x_wconf 90' lang='lat' dir='ltr'>et</span> <span class='ocrx_word' id='word_1_164' title='bbox 1034 2462 1134 2527; x_wconf 78' lang='lat' dir='ltr'>nulle</span> 
     </span>
     <span class='ocr_line' id='line_1_25' title="bbox 164 2550 1127 2635; baseline 0.004 -24"><span class='ocrx_word' id='word_1_165' title='bbox 164 2551 233 2611; x_wconf 86' lang='lat' dir='ltr'>tam</span> <span class='ocrx_word' id='word_1_166' title='bbox 262 2550 447 2615; x_wconf 85' lang='lat' dir='ltr'>necessarie</span> <span class='ocrx_word' id='word_1_167' title='bbox 475 2555 525 2616; x_wconf 90' lang='lat' dir='ltr'>est</span> <span class='ocrx_word' id='word_1_168' title='bbox 552 2552 641 2617; x_wconf 90' lang='lat' dir='ltr'>omui</span> <span class='ocrx_word' id='word_1_169' title='bbox 669 2551 780 2635; x_wconf 85' lang='lat' dir='ltr'>generi</span> <span class='ocrx_word' id='word_1_170' title='bbox 810 2550 994 2634; x_wconf 89' lang='lat' dir='ltr'>hominum,</span> <span class='ocrx_word' id='word_1_171' title='bbox 1025 2573 1127 2634; x_wconf 84' lang='lat' dir='ltr'>quem</span> 
     </span>
     <span class='ocr_line' id='line_1_26' title="bbox 110 2635 744 2724; baseline 0.005 -23"><span class='ocrx_word' id='word_1_172' title='bbox 110 2652 144 2701; x_wconf 73' lang='grc' dir='ltr'>ιι</span> <span class='ocrx_word' id='word_1_173' title='bbox 163 2635 332 2702; x_wconf 87' lang='lat' dir='ltr'>medicina.</span> <span class='ocrx_word' id='word_1_174' title='bbox 368 2637 509 2724; x_wconf 82' lang='lat' dir='ltr'>Reliqua</span> <span class='ocrx_word' id='word_1_175' title='bbox 532 2640 744 2705; x_wconf 83' lang='lat' dir='ltr'>conferamus.</span> 
     </span>
    </p>

    <p class='ocr_par' dir='ltr' id='par_1_10' title="bbox 162 2725 1129 2992">
     <span class='ocr_line' id='line_1_27' title="bbox 229 2725 1127 2815; baseline 0.004 -26"><span class='ocrx_word' id='word_1_176' title='bbox 229 2725 279 2790; x_wconf 84' lang='lat' dir='ltr'>Ac</span> <span class='ocrx_word' id='word_1_177' title='bbox 303 2726 384 2791; x_wconf 90' lang='lat' dir='ltr'>mihi</span> <span class='ocrx_word' id='word_1_178' title='bbox 407 2729 548 2812; x_wconf 90' lang='lat' dir='ltr'>primum</span> <span class='ocrx_word' id='word_1_179' title='bbox 573 2728 734 2815; x_wconf 83' lang='lat' dir='ltr'>agendum</span> <span class='ocrx_word' id='word_1_180' title='bbox 757 2732 807 2793; x_wconf 88' lang='lat' dir='ltr'>est</span> <span class='ocrx_word' id='word_1_181' title='bbox 831 2749 904 2793; x_wconf 91' lang='lat' dir='ltr'>cum</span> <span class='ocrx_word' id='word_1_182' title='bbox 927 2728 1028 2794; x_wconf 86' lang='lat' dir='ltr'>fratre</span> <span class='ocrx_word' id='word_1_183' title='bbox 1050 2729 1127 2813; x_wconf 91' lang='lat' dir='ltr'>phi-</span> 
     </span>
     <span class='ocr_line' id='line_1_28' title="bbox 162 2815 1127 2903; baseline 0.007 -25"><span class='ocrx_word' id='word_1_184' title='bbox 162 2815 312 2899; x_wconf 88' lang='lat' dir='ltr'>losopho,</span> <span class='ocrx_word' id='word_1_185' title='bbox 336 2815 427 2881; x_wconf 90' lang='lat' dir='ltr'>cuius</span> <span class='ocrx_word' id='word_1_186' title='bbox 451 2839 512 2902; x_wconf 84' lang='lat' dir='ltr'>ego</span> <span class='ocrx_word' id='word_1_187' title='bbox 536 2818 571 2882; x_wconf 92' lang='lat' dir='ltr'>in</span> <span class='ocrx_word' id='word_1_188' title='bbox 593 2817 752 2883; x_wconf 85' lang='lat' dir='ltr'>hodierne</span> <span class='ocrx_word' id='word_1_189' title='bbox 774 2818 982 2882; x_wconf 82' lang='lat' dir='ltr'>contentione</span> <span class='ocrx_word' id='word_1_190' title='bbox 1004 2840 1127 2903; x_wconf 91' lang='lat' dir='ltr'>propo-</span> 
     </span>
     <span class='ocr_line' id='line_1_29' title="bbox 163 2903 1129 2992; baseline 0.006 -26"><span class='ocrx_word' id='word_1_191' title='bbox 163 2903 263 2968; x_wconf 91' lang='lat' dir='ltr'>situm</span> <span class='ocrx_word' id='word_1_192' title='bbox 285 2904 399 2969; x_wconf 79' lang='lat' dir='ltr'>mirari</span> <span class='ocrx_word' id='word_1_193' title='bbox 422 2907 504 2972; x_wconf 88' lang='lat' dir='ltr'>satis</span> <span class='ocrx_word' id='word_1_194' title='bbox 527 2928 593 2973; x_wconf 90' lang='lat' dir='ltr'>non</span> <span class='ocrx_word' id='word_1_195' title='bbox 615 2929 759 2992; x_wconf 88' lang='lat' dir='ltr'>possum.</span> <span class='ocrx_word' id='word_1_196' title='bbox 787 2905 870 2971; x_wconf 89' lang='lat' dir='ltr'>nihil</span> <span class='ocrx_word' id='word_1_197' title='bbox 890 2907 976 2972; x_wconf 89' lang='lat' dir='ltr'>enim</span> <span class='ocrx_word' id='word_1_198' title='bbox 995 2907 1129 2972; x_wconf 83' lang='lat' dir='ltr'>ridetur</span> 
     </span>
    </p>
   </div>
   <div class='ocr_carea' id='block_1_6' title="bbox 161 3062 1128 3350">
    <p class='ocr_par' dir='ltr' id='par_1_11' title="bbox 161 3062 1128 3350">
     <span class='ocr_line' id='line_1_30' title="bbox 235 3062 1128 3147; baseline 0.004 -32"><span class='ocrx_word' id='word_1_199' title='bbox 235 3062 349 3131; x_wconf 75' lang='grc' dir='ltr'><strong>ὅριοι).</strong></span> <span class='ocrx_word' id='word_1_200' title='bbox 370 3078 444 3132; x_wconf 78' lang='lat' dir='ltr'>amp.</span> <span class='ocrx_word' id='word_1_201' title='bbox 463 3063 612 3147; x_wconf 76' lang='lat' dir='ltr'>phesse&#39;</span> <span class='ocrx_word' id='word_1_202' title='bbox 589 3082 642 3120; x_wconf 79' lang='grc' dir='ltr'><strong>ιιι,</strong></span> <span class='ocrx_word' id='word_1_203' title='bbox 661 3069 697 3135; x_wconf 84' lang='grc' dir='ltr'>Δ,</span> <span class='ocrx_word' id='word_1_204' title='bbox 723 3065 855 3147; x_wconf 79' lang='lat' dir='ltr'>prodesse</span> <span class='ocrx_word' id='word_1_205' title='bbox 874 3066 959 3135; x_wconf 83' lang='lat' dir='ltr'>ampl.</span> <span class='ocrx_word' id='word_1_206' title='bbox 977 3065 1128 3146; x_wconf 75' lang='lat' dir='ltr'>probasset</span> 
     </span>
     <span class='ocr_line' id='line_1_31' title="bbox 162 3130 1125 3208; baseline 0.005 -22"><span class='ocrx_word' id='word_1_207' title='bbox 162 3130 214 3187; x_wconf 87' lang='lat' dir='ltr'>civ</span> <span class='ocrx_word' id='word_1_208' title='bbox 233 3136 254 3185; x_wconf 81' lang='lat' dir='ltr'>B</span> <span class='ocrx_word' id='word_1_209' title='bbox 277 3133 286 3201; x_wconf 94' lang='grc' dir='ltr'>ιι</span> <span class='ocrx_word' id='word_1_210' title='bbox 310 3139 325 3187; x_wconf 88' lang='grc'><strong>9</strong></span> <span class='ocrx_word' id='word_1_211' title='bbox 346 3150 417 3203; x_wconf 81' lang='lat' dir='ltr'>quae</span> <span class='ocrx_word' id='word_1_212' title='bbox 435 3135 574 3204; x_wconf 84' lang='lat' dir='ltr'>professio</span> <span class='ocrx_word' id='word_1_213' title='bbox 593 3152 642 3190; x_wconf 88' lang='lat' dir='ltr'>om.</span> <span class='ocrx_word' id='word_1_214' title='bbox 661 3140 683 3188; x_wconf 75' lang='lat' dir='ltr'>B</span> <span class='ocrx_word' id='word_1_215' title='bbox 706 3137 716 3205; x_wconf 91' lang='grc' dir='ltr'>ιι</span> <span class='ocrx_word' id='word_1_216' title='bbox 738 3142 769 3190; x_wconf 92' lang='grc'>11</span> <span class='ocrx_word' id='word_1_217' title='bbox 790 3130 909 3208; x_wconf 82' lang='grc' dir='ltr'><strong>ιἰιιιΔι</strong></span> <span class='ocrx_word' id='word_1_218' title='bbox 933 3142 966 3191; x_wconf 75' lang='lat'>12</span> <span class='ocrx_word' id='word_1_219' title='bbox 985 3135 1058 3191; x_wconf 89' lang='lat' dir='ltr'>nihil</span> <span class='ocrx_word' id='word_1_220' title='bbox 1077 3154 1125 3206; x_wconf 93' lang='lat' dir='ltr'>q.u</span> 
     </span>
     <span class='ocr_line' id='line_1_32' title="bbox 161 3154 1125 3333; baseline 0.004 -77"><span class='ocrx_word' id='word_1_221' title='bbox 161 3201 197 3256; x_wconf 79' lang='lat' dir='ltr'>ud</span> <span class='ocrx_word' id='word_1_222' title='bbox 216 3204 320 3258; x_wconf 75' lang='lat' dir='ltr'>amieos</span> <span class='ocrx_word' id='word_1_223' title='bbox 339 3206 443 3260; x_wconf 86' lang='grc' dir='ltr'><strong>ιιιοιι,</strong></span> <span class='ocrx_word' id='word_1_224' title='bbox 461 3205 512 3262; x_wconf 83' lang='lat' dir='ltr'>rei.</span> <span class='ocrx_word' id='word_1_225' title='bbox 526 3205 607 3286; x_wconf 79' lang='grc' dir='ltr'><strong>Βοιι</strong></span> <span class='ocrx_word' id='word_1_226' title='bbox 631 3212 664 3261; x_wconf 88' lang='grc'>13</span> <span class='ocrx_word' id='word_1_227' title='bbox 683 3206 843 3262; x_wconf 89' lang='lat' dir='ltr'>hominibus</span> <span class='ocrx_word' id='word_1_228' title='bbox 862 3212 882 3260; x_wconf 84' lang='lat' dir='ltr'>P</span> <span class='ocrx_word' id='word_1_229' title='bbox 900 3210 909 3277; x_wconf 93' lang='grc' dir='ltr'>ιι</span> <span class='ocrx_word' id='word_1_230' title='bbox 927 3208 965 3263; x_wconf 85' lang='grc' dir='ltr'>ιιι</span> <span class='ocrx_word' id='word_1_231' title='bbox 983 3225 1032 3263; x_wconf 83' lang='lat' dir='ltr'>om.</span> <span class='ocrx_word' id='word_1_232' title='bbox 1049 3211 1096 3260; x_wconf 76' lang='lat' dir='ltr'>Bc</span> <span class='ocrx_word' id='word_1_233' title='bbox 1077 3154 1125 3333; x_wconf 54' lang='lat' dir='ltr'>grip</span> 
     </span>
     <span class='ocr_line' id='line_1_33' title="bbox 162 3207 1087 3350; baseline 0.006 -23"><span class='ocrx_word' id='word_1_234' title='bbox 162 3279 195 3328; x_wconf 85' lang='grc'>16</span> <span class='ocrx_word' id='word_1_235' title='bbox 214 3279 324 3343; x_wconf 80' lang='lat' dir='ltr'>quceB</span> <span class='ocrx_word' id='word_1_236' title='bbox 348 3279 357 3346; x_wconf 92' lang='grc' dir='ltr'>ιι</span> <span class='ocrx_word' id='word_1_237' title='bbox 380 3282 413 3331; x_wconf 76' lang='lat'>21</span> <span class='ocrx_word' id='word_1_238' title='bbox 437 3275 583 3347; x_wconf 88' lang='lat' dir='ltr'>proprium</span> <span class='ocrx_word' id='word_1_239' title='bbox 598 3207 703 3334; x_wconf 64' lang='lat' dir='ltr'>iacun</span> <span class='ocrx_word' id='word_1_240' title='bbox 725 3280 845 3336; x_wconf 76' lang='lat' dir='ltr'>incertus</span> <span class='ocrx_word' id='word_1_241' title='bbox 868 3297 912 3350; x_wconf 86' lang='lat' dir='ltr'>ap</span> <span class='ocrx_word' id='word_1_242' title='bbox 933 3280 984 3346; x_wconf 62' lang='lat' dir='ltr'>Pu</span> <span class='ocrx_word' id='word_1_243' title='bbox 1015 3294 1087 3350; x_wconf 88' lang='lat' dir='ltr'>prop</span> 
     </span>
    </p>
   </div>
   <div class='ocr_carea' id='block_1_7' title="bbox 156 3361 1125 3508">
    <p class='ocr_par' dir='ltr' id='par_1_12' title="bbox 156 3361 1125 3508">
     <span class='ocr_line' id='line_1_34' title="bbox 159 3361 1125 3438; baseline 0.008 -22"><span class='ocrx_word' id='word_1_244' title='bbox 159 3361 204 3417; x_wconf 86' lang='lat' dir='ltr'>Ro</span> <span class='ocrx_word' id='word_1_245' title='bbox 217 3364 226 3432; x_wconf 96' lang='grc' dir='ltr'>ιι</span> <span class='ocrx_word' id='word_1_246' title='bbox 241 3368 275 3418; x_wconf 78' lang='lat'>26</span> <span class='ocrx_word' id='word_1_247' title='bbox 290 3366 333 3419; x_wconf 88' lang='lat' dir='ltr'>est</span> <span class='ocrx_word' id='word_1_248' title='bbox 347 3364 486 3420; x_wconf 79' lang='lat' dir='ltr'>confratre</span> <span class='ocrx_word' id='word_1_249' title='bbox 501 3372 518 3418; x_wconf 91' lang='grc'><strong>0</strong></span> <span class='ocrx_word' id='word_1_250' title='bbox 532 3368 541 3436; x_wconf 91' lang='grc' dir='ltr'>ιι</span> <span class='ocrx_word' id='word_1_251' title='bbox 556 3373 590 3423; x_wconf 82' lang='lat'>28</span> <span class='ocrx_word' id='word_1_252' title='bbox 610 3366 684 3422; x_wconf 88' lang='lat' dir='ltr'>enim</span> <span class='ocrx_word' id='word_1_253' title='bbox 701 3369 735 3423; x_wconf 90' lang='lat' dir='ltr'>ht</span> <span class='ocrx_word' id='word_1_254' title='bbox 752 3385 782 3424; x_wconf 89' lang='lat' dir='ltr'>re</span> <span class='ocrx_word' id='word_1_255' title='bbox 800 3368 870 3438; x_wconf 86' lang='lat' dir='ltr'>phil.</span> <span class='ocrx_word' id='word_1_256' title='bbox 889 3375 922 3436; x_wconf 81' lang='lat' dir='ltr'>B,</span> <span class='ocrx_word' id='word_1_257' title='bbox 942 3370 1016 3424; x_wconf 91' lang='lat' dir='ltr'>enim</span> <span class='ocrx_word' id='word_1_258' title='bbox 1035 3369 1125 3424; x_wconf 83' lang='lat' dir='ltr'>hebet</span> 
     </span>
     <span class='ocr_line' id='line_1_35' title="bbox 156 3434 605 3508; baseline 0.013 -22"><span class='ocrx_word' id='word_1_259' title='bbox 156 3434 187 3487; x_wconf 92' lang='lat' dir='ltr'>in</span> <span class='ocrx_word' id='word_1_260' title='bbox 201 3435 252 3503; x_wconf 80' lang='lat' dir='ltr'>ph</span> <span class='ocrx_word' id='word_1_261' title='bbox 272 3435 566 3508; x_wconf 76' lang='lat' dir='ltr'>1’,enimhabetph</span> <span class='ocrx_word' id='word_1_262' title='bbox 587 3445 605 3491; x_wconf 93' lang='grc'><strong>0</strong></span> 
     </span>
    </p>
   </div>
   <div class='ocr_carea' id='block_1_8' title="bbox 0 0 1198 3816">
    <p class='ocr_par' dir='ltr' id='par_1_13' title="bbox 0 0 1198 3816">
     <span class='ocr_line' id='line_1_36' title="bbox 0 0 1198 3816; baseline 0 2"><span class='ocrx_word' id='word_1_263' title='bbox 0 0 1198 3816; x_wconf 95' lang='lat' dir='ltr'> </span> 
     </span>
    </p>
   </div>
  </div>
 </body>
</html>
