2386 3816
185 155 250 222 266
550 156 783 222 conaremur
851 134 855 141 “

559 387 767 458 cccxxll.

425 513 560 582 Abdico
583 514 633 599 tc,
656 515 730 581 nisi
753 513 901 585 desinis.

183 636 303 704 Strieto
336 639 445 725 gladio
479 642 511 705 et
538 642 671 706 cruento
699 639 860 724 processit
892 639 1084 705 adulescens
1119 642 1155 707 in

273 728 458 794 contionem
482 731 516 793 et
535 727 624 812 dixit,
647 728 790 794 occisum
809 751 830 794 a
848 749 882 794 se
899 731 1038 815 patrem,
1064 729 1154 814 quod

148 836 164 886 s
274 817 314 882 ab
343 838 380 886 eo
397 816 560 902 'tyrannis
593 815 819 882 adfectaretur.
864 817 1019 901 perduxit
1044 819 1153 904 magi·

276 909 415 971 stratum
437 904 473 972 in
492 905 637 991 domum,
661 905 805 972 ostendit
825 909 1022 992 apparatum
1038 908 1153 991 tyran-

272 993 366 1060 nidis.
412 1016 485 1060 cum
516 998 720 1060 excuteretur
742 1014 873 1079 corpus,
895 994 1048 1061 inventae
1073 1000 1153 1063 sunt

272 1082 415 1148 tabellae
439 1082 479 1148 ad
502 1083 613 1167 filium,
636 1082 802 1168 inquibus
821 1086 892 1148 erat
909 1082 985 1150 hoe:
1008 1083 1151 1150 »abdico

270 1175 318 1255 te,
345 1171 410 1237 nisi
439 1171 573 1255 desinis,
606 1175 639 1236 et
666 1172 694 1237 si
718 1170 964 1257 contradixeris,
995 1170 1151 1238 indicabo

272 1281 418 1326 causas«.
441 1282 515 1326 reus
534 1264 585 1325 est
602 1260 729 1327 iuvenis
752 1259 932 1326 adfectatae
951 1260 1151 1346 tyrannidis.

568 1435 751 1504 SERMO.

248 1561 341 1638 Quod
363 1561 448 1626 circa
469 1562 696 1646 probationem
715 1561 860 1627 criminis
878 1558 1072 1626 huiusmodi
1089 1562 1153 1627 dil·

181 1652 363 1718 ficillimum
387 1651 471 1716 solet
490 1672 569 1734 esse,
593 1653 717 1716 certum
731 1654 794 1716 est:
817 1649 1017 1716 adfectatam
1034 1653 1153 1735 tyran·

181 1741 303 1824 nidem3
330 1743 455 1806 certum
484 1744 535 1806 est
562 1738 758 1805 adfectatam
787 1760 857 1804 esse
885 1739 920 1803 in
949 1739 1012 1804 hac
1035 1738 1153 1806 domo:

128 1853 161 1903 15
181 1831 350 1914 omnisque
364 1851 402 1894 eo
417 1829 587 1895 deducitur
601 1828 758 1913 quaestio,
776 1831 814 1893 ut
826 1827 1018 1912 dispiciatis,
1035 1832 1152 1894 utrum

181 1923 317 2005 epatre
340 1918 448 2003 huius,
472 1941 514 1984 an
537 1919 578 1984 ab
602 1917 665 1982 hoc
688 1918 732 1982 sit
755 1916 927 1983 adfectata.

468 2095 849 2214 <cucullarum

245 2252 339 2319 Nihil
371 2254 409 2318 de
446 2254 591 2319 moribus
628 2253 724 2320 huius
757 2253 863 2319 adhuc
896 2253 983 2320 dico:
1021 2257 1150 2320 aetates

180 2347 380 2427 comparate:
414 2363 511 2409 senex
538 2342 595 2408 ille
619 2343 793 2408 etaetatis
817 2346 949 2408 exactae
974 2364 1074 2428 quam
1098 2365 1151 2409 ra·

126 2433 304 2511 potionem
333 2431 440 2497 adfect
425 2431 588 2498 ttandae
573 2431 755 2516 tyrannidis
783 2425 954 2497 habdit‘?
967 2432 1033 2497 nisi
1060 2430 1149 2497 forte

179 2525 278 2607 propt
280 2543 314 2586 er
264 2521 439 2586 tfilium
461 2521 524 2586 hoe
543 2520 629 2586 feeit
660 2520 714 2585 hie
733 2519 991 2586 adulescenst
940 2523 999 2586 est.
1033 2541 1147 2586 omues

179 2610 337 2697 cupiditat
339 2631 386 2694 es,
415 2631 527 2675 omnes
556 2610 697 2694 impetus
726 2609 761 2673 in
787 2607 849 2674 hac
878 2613 932 2674 aet
917 2612 986 2674 tate
1014 2608 1146 2674 facilius

178 2698 415 2765 convalescunt.
452 2702 502 2764 cst
525 2698 685 2782 quaedam
707 2700 881 2782 praeterea
902 2698 987 2763 ratio
1013 2697 1145 2762 sceleris

179 2782 222 2871 (si
245 2785 308 2852 hoc
329 2790 441 2871 tamen
463 2808 582 2852 nomen
610 2785 764 2868 [n]ullum
792 2786 914 2871 accipit
940 2783 1080 2874 scelus):
1113 2785 1147 2850 id

125 2902 159 2952 25
178 2875 362 2959 temptavit,
385 2896 448 2959 quo
471 2875 536 2940 frui
558 2875 613 2939 diu
635 2877 755 2959 posset.

244 2961 334 3028 Haeo
358 2967 502 3030 aetatum
526 2964 741 3048 comparatio,
764 2963 823 3028 illa
847 2962 1039 3030 animorum.
1087 2963 1147 3028 Pa·

252 3162 268 3211 5
288 3153 439 3210 tirannis
459 3157 521 3237 ll
520 3162 551 3209 11
571 3155 748 3211 Declamatio
767 3159 831 3224 AB
850 3171 920 3213 corr
940 3155 985 3211 Ro
1003 3157 1013 3225 l
1033 3161 1067 3210 13
1087 3172 1145 3211 esse

184 3227 351 3292 xxeertum
370 3231 393 3289 ,Δ
413 3228 422 3297 ΙΙ
444 3232 476 3281 16
496 3225 556 3282 eius
574 3229 644 3296 ΔιΙΙ
666 3233 699 3282 17
718 3225 936 3309 (Declamatio)
953 3225 1022 3297 aon
1037 3232 1071 3280 19
1091 3242 1146 3282 ex·

187 3301 272 3354 acta
294 3302 317 3350 Δ
340 3300 349 3370 Η
371 3304 405 3353 21
429 3299 483 3353 hoc
504 3297 594 3352 filium
617 3301 681 3366 AB,
704 3298 758 3354 hoc
781 3298 876 3354 stilum
899 3303 919 3356 P
941 3298 950 3367 l
973 3303 1008 3354 24
1031 3297 1145 3380 nomen]

187 3370 241 3425 hoe
255 3373 276 3422 B
290 3372 299 3439 ΙΙ
315 3369 447 3440 [n]ullum
462 3369 503 3425 Gr
516 3372 526 3440 ΙΙ
540 3369 648 3440 accepit
660 3341 720 3438 A’B,
739 3385 808 3426 corr.
823 3369 865 3424 Gr
878 3371 886 3438 ΙΙ
901 3368 962 3423 25·
953 3387 978 3423 re
995 3368 1149 3440 temptavit

181 3440 229 3510 qui
248 3446 294 3498 ete
317 3440 359 3496 Gr
