2386 3816
269 157 588 214 DECLAMATIONES.
608 158 797 216 CCCLXXIV.
947 159 1013 224 413

410 354 659 425 GCGLXXIV.

178 479 375 547 Abdicatus
397 481 502 548 heres
526 482 571 548 ob
594 481 889 563 tyrannicidium.

55 608 261 672 Aaolcauus
298 624 346 670 nn
383 624 556 673 paramus
588 625 692 673 Bouls
725 626 825 673 ruma
862 627 1014 674 ananau.

144 695 281 771 Quidam
309 695 460 760 hortatus
488 700 538 761 est
566 696 601 760 in
630 697 881 780 tyrannicidium
904 697 1014 762 filium.

143 785 310 849 nolentem
334 783 506 850 abdicavit.
537 787 679 850 moriens
704 787 835 869 scripsit
856 787 1016 870 heredem,
1035 799 1051 848 t

144 874 199 956 qui
231 876 407 956 tyrannum
444 873 623 938 occidisset.
676 873 844 940 abdicatus
883 875 1014 941 occidit:

143 963 227 1045 petit
249 962 345 1026 bona.

372 1137 704 1206 DECLAMATIO.

124 1264 376 1349 »Abdicatus,
404 1265 523 1350 iuquit,
551 1287 596 1329 ne
625 1265 717 1350 quid
745 1266 788 1330 de
817 1266 928 1330 bonis
951 1288 1017 1350 pa·
1057 1328 1061 1336 Κ

57 1355 130 1419 tris
163 1355 323 1438 capiat«
374 1357 508 1439 paterna
540 1353 633 1419 haec'
653 1376 723 1419 esse
754 1355 842 1419 bona
874 1357 1071 1438 constat31o

59 1443 245 1508 abdicatum
277 1447 309 1508 te
338 1465 409 1508 csse
438 1465 538 1528 aeque
565 1446 669 1528 patet:
697 1466 778 1528 quae
806 1443 893 1509 ultra
922 1466 1017 1529 quae·

58 1534 122 1598 stio
146 1532 218 1597 est?

127 1620 321 1708 ,Heredem,
353 1621 472 1706 inquit,
505 1620 636 1705 scripsit
667 1621 919 1706 tyrannicidam,
957 1642 1018 1706 ego

61 1716 171 1776 autem
198 1713 372 1793 tyrannum
398 1708 529 1775 occidi.“
576 1709 667 1774 Nihil
691 1710 798 1793 refert,
822 1734 861 1775 au
887 1711 1018 1793 aliquod

60 1801 111 1864 ius
142 1803 258 1884 postea
288 1797 495 1883 adquisieris:
526 1798 587 1862 filii
616 1797 796 1883 perdidisti.
841 1798 892 1862 lex
924 1799 1072 1881 euim,1t

60 1910 142 1973 quae
166 1887 324 1952 abdicatis
347 1890 483 1971 paterna
505 1888 592 1952 bona
610 1890 717 1972 negat,
740 1909 798 1971 per
817 1887 925 1950 omnia
944 1887 1017 1951 illos

62 1979 201 2042 amovet.
225 1997 458 2059 supervacuum
477 1973 617 2060 namque
637 1981 716 2060 erat,
740 1976 925 2040 abdicatum
944 1974 1019 2039 sub-

61 2086 205 2148 movere,
237 2065 292 2149 qui
321 2064 441 2149 alioqui
470 2063 654 2148 perdiderat
681 2068 859 2150 paternam·
879 2063 1019 2130 domum.

64 2154 166 2236 igitur
188 2152 241 2217 lex
264 2154 358 2235 i[s]ta
377 2153 498 2237 scripta
516 2157 575 2239 est,
597 2177 638 2219 ne
662 2176 725 2238 qua
748 2155 820 2238 lege
844 2152 963 2218 reverti
985 2153 1020 2217 in

62 2243 191 2306 domum
215 2244 335 2325 posset.
373 2242 461 2325 <ane
486 2242 590 2328 quid,
613 2244 735 2328 inquit,
760 2266 802 2307 ex
824 2243 936 2307 bonis
961 2264 1020 2306 ca·
1039 2253 1074 2302 20

60 2331 186 2415 piato>
211 2332 288 2397 licet
311 2352 388 2417 ergo
412 2332 457 2396 sis
480 2333 692 2417 tyrannicida,
714 2354 780 2399 non
799 2332 933 2416 prodest
949 2330 1021 2394 tibi.

61 2442 120 2484 nec
144 2421 211 2485 ulla
234 2421 286 2485 lex
309 2419 442 2505 reducit,
467 2442 562 2505 quem
586 2423 696 2506 aliqua
720 2421 866 2502 exclusit,
890 2423 922 2484 et
942 2440 1021 2483 sem-

62 2531 134 2593 per,
163 2510 298 2592 iudices,
326 2511 493 2593 potentior
520 2510 572 2574 lex
596 2515 659 2589 est,
688 2532 769 2594 quae
793 2512 896 2592 vetat,
925 2529 1022 2593 quam

65 2619 147 2682 quae
171 2598 339 2681 permittit.
387 2600 440 2680 [ne
464 2598 549 2683 quid,
572 2600 686 2684 inquit,
710 2620 748 2662 ex
771 2598 865 2663 bonis
890 2595 1020 2682 capiat]

61 2687 124 2750 hoc
153 2687 251 2750 etiam
274 2686 309 2751 in
332 2688 584 2773 magistratuum
613 2690 777 2772 potestate
800 2690 960 2752 servatur:
990 2690 1023 2750 et
1041 2694 1075 2743 25

65 2775 137 2859 plus
168 2777 278 2859 potest
303 2775 440 2860 [inquit]
464 2799 547 2841 unus
577 2777 633 2861 qui
655 2779 757 2860 vetat,
789 2798 885 2859 quam
910 2797 1021 2840 omnes

65 2865 121 2948 qui
150 2864 272 2929 iubent.
318 2865 353 2928 in
380 2865 590 2952 permittente
619 2866 705 2929 enim
734 2865 837 2929 libera
867 2867 1022 2948 potestas,

64 2954 99 3017 in
117 2957 249 3019 vetante
272 2975 377 3038 poena
400 2957 458 3018 est.
488 2953 614 3018 Deinde
637 2954 718 3018 haec
740 2955 792 3018 lex
815 2954 946 3037 publica
965 2956 1022 3037 est,

64 3042 104 3107 ad
129 3064 240 3108 omnes
264 3043 418 3128 pertinet:
441 3046 675 3107 testamentum
692 3043 857 3127 privatum
881 3046 939 3108 est.
966 3065 1022 3126 po·

135 3222 150 3270 9
171 3218 238 3287 quid
257 3219 286 3272 ot
304 3217 339 3272 do
357 3221 377 3269 Β
401 3218 410 3286 ll
437 3223 470 3272 15
488 3216 530 3272 fili
547 3221 568 3269 B
591 3217 600 3286 ΙΙ
624 3223 656 3272 17
675 3217 809 3272 admonet
825 3220 846 3268 B
864 3218 922 3285 1119
941 3215 1025 3339 ips]ta

65 3288 117 3343 Set
130 3290 140 3356 u
154 3294 188 3343 20
207 3288 340 3372 (susq,
357 3307 385 3358 a,
405 3306 428 3344 e.
448 3289 476 3372 b.¹
495 3287 631 3427 capiatup
649 3288 706 3372 Seli¹
716 3291 725 3359 ΙΙ
739 3295 775 3370 ²².
793 3297 824 3342 Ν
841 3288 950 3370 Aloxc
962 3287 1026 3372 udpt

64 3360 157 3428 31124
176 3360 223 3430 [ne
243 3379 269 3429 q.
287 3378 306 3414 1.
326 3377 349 3414 e.
368 3361 395 3416 b.
416 3360 522 3431 capiat]
542 3359 597 3414 Soli
614 3362 667 3428 126
686 3359 806 3430 [inquit]
818 3357 876 3425 Ro,·
894 3358 1033 3426 amna

63 3466 134 3502 unus
156 3449 212 3503 oar
224 3450 235 3517 l
248 3454 282 3504 au
300 3433 473 3506 inimicante
492 3452 516 3503 a
