2386 3816
97 135 162 201 134
462 86 693 200 omninum
778 67 782 80 Χ

94 299 208 366 daret?
239 298 325 384 quod
354 297 382 362 si
410 296 492 363 haee
519 295 629 361 omnia
655 294 691 358 in
719 291 866 360 confesso
895 296 986 377 sunt,
1017 313 1057 357 ne

94 389 308 473 magistratus
342 386 472 471 quidem
505 387 694 451 erraverunt
725 404 763 449 eo
801 385 962 469 tempore,
996 405 1059 468 quo

96 476 324 543 decem⁰milis
352 475 510 541 dederunt
537 473 626 542 mihi
672 471 708 539 Si
735 473 912 539 intestatus
940 475 976 538 tu
1008 471 1058 538 de

95 568 255 652 cessisses,
275 565 315 630 ad
334 565 416 631 elios
435 564 601 652 quoslibet
619 567 677 629 tue
696 562 875 649 pertineret
887 561 1061 628 heredites.

61 657 144 722 evis
165 655 256 739 seire,
279 677 377 740 quom
396 658 491 738 peter
508 676 577 720 non
592 653 717 718 fueris?
729 676 784 718 -ε
807 652 950 737 resipere
968 651 1061 718 illum

91 745 156 810 nisi
180 745 296 810 solutis
327 744 492 810 elimentis
514 764 582 808 non
608 742 754 827 potuisti.
805 741 858 806 lex
880 741 943 806 tibi
966 741 1060 807 dioit:

92 833 240 900 >alienus
269 837 319 899 est
345 837 379 899 et
401 833 477 917 tibi,
504 836 542 897 ut
564 835 658 917 peter
681 853 752 896 esse
774 830 925 914 incipies,
950 851 1058 896 emen·

93 925 184 989 dus«.
216 923 283 987 iem
301 922 360 987 illo
381 922 529 1009 profesto
553 923 637 987 eitra
658 920 949 1005 interrogationem
974 923 1058 1004 sunt,

93 1013 183 1078 euius
210 1011 324 1078 tulerit
350 1032 483 1095 nomen,
510 1011 545 1075 in
575 1011 664 1077 cuiue
692 1030 825 1076 sensum
853 1009 983 1076 deletus
1008 1011 1059 1076 sit

42 1119 77 1168 10
95 1103 236 1167 nimium
258 1101 313 1166 diu
337 1100 376 1166 de
398 1123 434 1167 re
457 1099 608 1167 iudieetu.

159 1190 334 1277 Reliquum
357 1194 420 1275 est,
449 1193 487 1256 ut
508 1190 702 1273 intueamur,
724 1191 798 1254 uter
820 1191 972 1254 nostrum
996 1188 1058 1254 heo

91 1281 230 1366 pecunie
252 1280 383 1366 dignior
406 1300 476 1345 esse
499 1279 656 1345 videntur.
701 1279 762 1361 [et]
785 1281 822 1345 ut
844 1277 989 1343 breviter
1013 1279 1058 1343 di-

94 1392 177 1435 cem:
200 1373 238 1435 tu
261 1367 449 1455 exposuisti,
472 1389 533 1456 ego
553 1367 681 1435 sustuli.
710 1366 787 1451 seio,
810 1371 845 1433 te
863 1372 1057 1452 coepturum

93 1458 202 1542 altius,
224 1460 261 1522 nt
284 1457 382 1542 dions,
402 1457 549 1544 „genui“.
580 1457 643 1524 hoo
666 1459 716 1522 est
740 1478 840 1543 quere
857 1456 920 1522 tibi
940 1456 1058 1523 debea-

42 1562 75 1613 16
94 1569 166 1612 mus
189 1547 299 1613 irosoi:
323 1551 480 1631 quantum
503 1547 544 1613 ed
566 1551 600 1612 te
622 1541 773 1631 pertinet,
795 1567 863 1611 non
884 1545 988 1612 hebet
1005 1568 1057 1612 res

93 1637 224 1720 publiea
246 1636 353 1702 virum
370 1635 504 1723 fortem3
529 1640 586 1702 out
602 1636 696 1702 illum
715 1634 803 1701 ferae
821 1636 1058 1721 looersversmt,

94 1728 150 1791 aut
177 1747 253 1792 sves
281 1726 497 1811 diripuerunt,
525 1729 584 1792 aut
611 1723 728 1811 aliquis
760 1723 861 1810 (quod
884 1726 990 1792 multo
1016 1725 1059 1792 sit

92 1813 272 1901 indignius)
301 1815 433 1881 sustulit
460 1815 534 1881 leno
563 1818 620 1881 out
646 1814 776 1881 lanista.
821 1835 860 1880 er
888 1815 971 1882 meis
1001 1815 1059 1882 ille

92 1905 259 1971 benefieiis
286 1908 383 1971 natus
411 1908 471 1970 est.
515 1904 711 1971 Intuendum
733 1904 829 1970 nobis
853 1903 952 1969 etiem
975 1904 1059 1971 illud

42 2009 76 2059 ro
94 1993 268 2079 praecipue
287 1997 346 2075 est,
366 2016 448 2079 qnae
467 2015 566 2060 sousa
584 1993 828 2060 constituendae
851 1994 934 2080 legis
957 1994 1056 2061 huius

92 2082 199 2167 fuerit,
223 2086 279 2148 aut
301 2082 387 2149 unde
410 2087 520 2150 ortum
544 2082 597 2168 sit,
619 2087 657 2149 ut
679 2086 919 2150 non'oontente
937 2082 1056 2150 eivitss

92 2170 192 2236 fuerit
219 2172 401 2256 praemium
424 2172 489 2256 ipsi
512 2172 581 2238 viro
605 2172 684 2238 forti
706 2172 846 2257 dedisse,
874 2172 932 2238 sed
955 2174 1057 2240 etiam

92 2264 220 2344 petrem
243 2260 339 2326 huius
362 2260 589 2327 honorandum
612 2261 784 2328 censuerit.
817 2263 933 2328 ideone
955 2262 1057 2330 hono·

91 2353 200 2415 ratum
229 2352 382 2435 putemus
413 2353 554 2434 petrem,
586 2350 672 2436 quod
701 2350 871 2438 genuerit?
906 2375 950 2418 an
981 2353 1055 2420 ideo

39 2452 72 2502 rs
92 2439 197 2524 magis
230 2439 374 2524 praemio
408 2439 543 2525 dignum
574 2440 691 2506 civitas
723 2441 937 2527 existimarit,
970 2443 1056 2528 quod

92 2527 270 2614 educasset,
293 2528 379 2614 quod
401 2526 555 2614 inpensus
577 2529 730 2597 fecisset?
771 2530 821 2597 ris
844 2531 936 2617 seire,
959 2554 1057 2617 quem

91 2617 154 2682 hoo
184 2639 294 2684 verum
325 2617 391 2684 sit?
416 2643 480 2684 -ε
520 2619 658 2704 peennis
690 2619 875 2686 honoravit.
921 2621 950 2686 si
981 2621 1059 2707 quid

91 2705 225 2788 pietatis
249 2711 309 2792 est,
332 2707 418 2793 quod
440 2707 589 2792 inputare
612 2728 673 2774 nos
690 2708 739 2775 rei
757 2709 908 2795 publicae
925 2715 1057 2795 praeter

93 2793 250 2862 alimento
272 2816 457 2880 possumus,
489 2797 573 2864 illud
601 2801 666 2864 est:
699 2798 768 2864 »sio
795 2797 942 2884 educari,
973 2801 1057 2866 talio

38 2899 73 2948 so
93 2885 251 2971 praesepi,
275 2885 321 2951 sio
339 2886 480 2953 formavi
498 2904 632 2954 mores«
653 2909 720 2953 non
744 2892 795 2954 est
817 2889 900 2954 setis
923 2889 986 2956 hoe
1009 2891 1057 2956 in-

166 3083 178 3129 1
200 3075 235 3131 in
253 3077 333 3133 oonf
349 3083 372 3132 Δ
389 3081 433 3150 113
454 3078 525 3134 mihi
544 3080 681 3137 dederunt
698 3086 719 3134 B
736 3083 747 3152 ΙΙ
764 3089 781 3136 4
800 3082 961 3152 perveniret
978 3084 1023 3153 Βῆ
1042 3089 1057 3138 9

94 3147 330 3275 consumpjdotss
345 3156 376 3204 11
398 3152 431 3206 ut
449 3167 499 3207 om.
519 3153 567 3223 ΔΗ
582 3156 614 3206 ts
634 3151 689 3224 [et]
708 3153 753 3208 Ro
766 3155 777 3224 fl
791 3158 824 3210 1⁶
842 3154 947 3210 habere
964 3171 1058 3225 respu.

93 3222 113 3271 B
135 3219 146 3289 fl
170 3226 202 3275 17
254 3223 428 3292 mpmverunt
443 3228 486 3276 As
506 3224 517 3293 t
540 3228 574 3278 18
591 3222 646 3279 iste
665 3229 706 3280 Ae
725 3227 735 3296 {t
754 3229 787 3280 19
806 3225 946 3281 veneficus
964 3227 1058 3296 nint

90 3306 158 3348 vero
177 3293 227 3362 An
249 3297 284 3347 23
303 3296 471 3349 censuerunt
488 3298 509 3347 B
531 3295 543 3366 ΙΙ
564 3300 600 3350 24
617 3294 693 3368 ideo]
714 3300 786 3351 eoB
808 3299 818 3367 ΙΙ
841 3303 875 3353 26
894 3315 940 3366 qu.
959 3297 1057 3368 inpen-

89 3364 183 3488 ppsret
204 3362 247 3419 vis
266 3365 339 3434 Aen
360 3363 526 3436 inpensas
550 3371 573 3421 Α
595 3368 606 3438 i
627 3371 662 3422 28
686 3366 778 3438 pietus
796 3374 830 3438 1²3
861 3367 965 3439 pietati
982 3368 1059 3427 inest

121 3450 137 3490 o
