2386 3816
107 140 175 205 420
473 135 704 204 nummum

177 300 454 378 Quemadmodum
481 298 625 364 occidere
653 297 750 363 volo?
796 296 980 365 conducam
1002 318 1073 381 per·

109 388 296 456 oueeorem?
319 387 498 455 insidiobor
511 387 754 471 peregrinanti?
776 385 859 450 nihil
873 383 993 451 horum
1008 387 1071 453 eet:

24 538 29 548 ,
110 499 199 544 meae
228 499 341 543 munus
368 476 505 562 inquino
528 479 561 540 et
585 475 631 539 sio
653 496 733 558 pero
758 495 932 557 venenum,
961 476 1000 541 ut
1022 474 1073 539 de

110 564 300 650 prehendet.
346 568 472 631 secreta
494 566 570 630 eunt
592 562 826 647 pmmidarun
849 561 984 631 seelera„

75 668 92 720 o
177 652 262 737 „Gur
286 673 375 738 ergo,
396 651 510 736 inquit,
532 672 691 717 venenum
713 649 905 718 habuisti?“
933 649 1073 719 Omine·

112 765 183 807 ram
205 741 393 809 liberandae
413 739 652 805 adulescentiae
665 741 895 806 meuesortem
918 741 955 804 et
978 738 1073 806 malis

112 852 239 915 quoque
272 829 352 913 ipsis
381 829 530 895 tristiore
558 827 717 894 remedie!
763 827 986 895 excusandum
1015 830 1074 919 eet,

113 919 199 1003 quod
220 940 261 985 ne
285 918 451 1001 diluerem,
473 916 557 989 mori
574 916 754 981 voluerum:
777 919 811 980 et
828 914 968 982 ultimae
987 915 1074 1002 eogi-

112 1007 257 1073 tutionee
279 1010 472 1073 renouentur
494 1004 535 1071 od
553 1004 701 1069 iud-irem.
730 1003 828 1087 poulo
848 1003 959 1092 minue
978 1025 1074 1089 quem

61 1110 94 1159 10
112 1099 188 1179 post
215 1094 286 1159 fate
314 1115 460 1161 arcessor
485 1115 569 1158 rens.
613 1091 671 1159 sed
693 1113 735 1156 ne
757 1091 871 1158 follem
893 1095 940 1170 te,
972 1096 1074 1176 pater,

111 1183 314 1267 respondebo
337 1182 445 1249 verbis
467 1181 620 1248 fortunae
642 1201 743 1264 mene,
765 1178 971 1264 respondebo
990 1180 1074 1264 quod

111 1272 211 1353 soleo,
229 1271 263 1337 id
282 1275 342 1353 eat,
359 1293 428 1337 non
446 1270 530 1335 elius
548 1290 632 1351 reue,
650 1290 748 1351 quam
765 1269 865 1335 filine:
884 1267 971 1332 mori
991 1271 1073 1335 volo.

112 1357 139 1424 0
163 1362 284 1442 quanto
307 1358 436 1425 facilius
459 1358 520 1422 tibi
548 1356 664 1423 morti·
688 1378 815 1439 musas,
845 1378 944 1440 quom
970 1358 1074 1441 purri-

111 1445 188 1511 eidii
210 1445 357 1513 reddum!
394 1447 494 1514 immo
517 1445 641 1529 poesim
665 1444 808 1513 obieetoe
832 1447 865 1511 et
887 1445 1074 1528 publicatos

60 1536 242 1599 retentum
265 1555 332 1603 non
353 1533 511 1600 nansibo.
552 1534 635 1598 mori
657 1533 754 1599 volui.
796 1533 925 1617 quoeris
949 1535 1075 1617 quere?

111 1621 189 1705 quie
216 1625 313 1687 notus
344 1643 417 1688 sum
445 1621 486 1690 ud
515 1621 663 1691 miserius
695 1622 880 1704 hominum,
915 1621 1076 1705 incendio,

15 1743 19 1748 ·
110 1709 228 1777 neuim
255 1710 298 1793 e,
321 1710 416 1778 bellu
452 1709 577 1794 feliees,
605 1710 662 1793 qui
685 1731 744 1774 suo
768 1709 905 1779 arbitrio
929 1711 1075 1778 moriun-

110 1802 174 1867 tur.
209 1731 360 1884 goim,
379 1799 494 1885 inquit,
516 1799 598 1866 bene
621 1798 743 1863 habet«
767 1795 860 1883 (puto
883 1798 964 1882 quia
988 1799 1076 1867 ultre

112 1892 317 1972 pugnetums
340 1909 407 1955 non
430 1887 514 1972 erat)
539 1885 637 1953 Ootot
660 1908 740 1952 num
763 1889 797 1950 et
819 1886 877 1953 ille
898 1887 1076 1969 peoeavit?

59 1989 93 2038 20
112 1975 198 2041 idem
221 1976 294 2063 feei,
318 1976 403 2060 quod
427 1974 517 2042 Oete.
563 1975 605 2043 od
628 1974 769 2058 quietem
792 1974 854 2040 hoo
876 1975 941 2045 iter
966 1979 1075 2042 estet

113 2063 216 2131 duleis
249 2065 408 2148 quaedem
442 2065 483 2131 ed
515 2063 722 2129 securitatem
754 2063 816 2129 vie.
862 2085 963 2146 quere
993 2065 1077 2131 mori

111 2151 269 2219 voluerim
292 2151 444 2236 quaeris?
471 2154 525 2217 en!
550 2152 625 2235 quia
646 2153 734 2234 vivo,
756 2172 830 2217 reus
854 2173 936 2219 sum.
974 2175 1076 2238 quere

112 2238 197 2305 mori
229 2239 340 2306 volui?
385 2238 474 2305 rides
508 2241 605 2320 enim,
638 2262 677 2305 ex
706 2243 783 2305 voto
817 2239 1075 2308 adulescentiam

113 2348 258 2413 egerem:
281 2327 365 2393 nibil
387 2350 544 2413 umquam
568 2351 619 2398 me
643 2327 786 2409 offendit,
809 2349 1011 2412 quemquem
1031 2331 1077 2397 in·

59 2429 93 2479 25
112 2416 210 2485 terim
241 2420 275 2483 et
307 2416 448 2483 seeundo
479 2417 521 2482 nd
554 2417 728 2502 u<er>eum
761 2419 898 2498 me[um]
933 2417 1077 2503 feeiunt3

113 2503 267 2589 quidquid
285 2505 401 2591 rogavi
418 2508 460 2588 te,
479 2508 581 2590 peter,
600 2506 699 2570 etium
717 2505 805 2570 eolus
825 2506 965 2575 exoravi.
996 2528 1077 2592 poee

113 2593 294 2660 mejestatis
322 2597 398 2661 tuee
421 2593 543 2659 dietum
567 2594 623 2659 sit:
654 2615 721 2660 non
743 2615 853 2661 omnoe
876 2597 948 2658 tam
972 2594 1078 2663 fortes

113 2703 239 2765 eumue,
265 2703 333 2751 non
362 2703 475 2749 omnes
502 2682 589 2748 belle
612 2682 769 2747 sustinere
791 2704 975 2766 possumus.
1023 2683 1080 2749 sed
1105 2690 1110 2703 '

115 2789 184 2834 non
207 2770 354 2855 quisquis
378 2768 522 2836 occidere
544 2771 675 2839 hostem
692 2792 759 2840 non
778 2773 896 2855 potest,
918 2772 1079 2841 continuo

185 2983 199 3030 1
222 2979 459 3046 quemadmodum
478 2981 508 3034 et
526 2996 583 3035 ooo.
600 2981 644 3049 ΒΙΙ
659 2986 674 3034 7
689 2980 832 3034 strictiore
844 2984 865 3032 B
878 2981 889 3048 ΙΙ
903 2985 937 3034 10
952 2996 1082 3037 areereor

114 3051 174 3117 Ab,
194 3063 321 3104 eroeeeor
340 3052 430 3120 21112
450 3066 513 3105 reue
532 3067 583 3106 om.
603 3052 647 3121 ΒΙΙ
662 3056 694 3104 13
713 3049 837 3104 feeilliue
855 3053 901 3119 ΔΙΙ
917 3056 950 3104 14
969 3052 1081 3107 nnbieo·

115 3120 271 3190 tuflBssIb
290 3121 496 3190 tomenl’tlltt
515 3119 820 3191 pugnaturorum
842 3121 852 3191 ΙΙ
874 3137 942 3178 num
960 3137 1012 3177 om.
1032 3129 1054 3176 P
1073 3125 1082 3194 ij

115 3196 149 3247 m
169 3190 263 3249 vivom
281 3195 341 3262 Ab,
360 3209 430 3249 corr.
450 3192 492 3248 Gr
513 3194 524 3263 ΙΙ
545 3208 593 3259 ne,
612 3192 680 3263 quie
698 3191 805 3260 vivum,
824 3211 845 3248 r.
865 3190 918 3252 eim
937 3191 994 3253 Set
1012 3195 1023 3263 ss
1046 3201 1081 3254 28

113 3260 235 3321 iudexr
258 3264 267 3333 11
292 3267 328 3319 24
347 3279 443 3334 egnum
460 3267 490 3332 l,
509 3278 624 3332 aegram
642 3268 662 3317 P
688 3265 698 3332 t
723 3261 843 3321 nihilum
862 3279 947 3332 quum
965 3267 987 3319 B
1011 3265 1020 3336 ΙΙ
1045 3271 1081 3321 25

115 3333 267 3388 eeormdum
285 3337 306 3386 B
324 3337 334 3404 ῃ
352 3335 389 3389 od
407 3349 489 3391 neum
507 3351 600 3389 meum
617 3338 675 3400 An,
694 3350 764 3391 eurr.
775 3334 850 3404 Seleu
865 3341 898 3391 26
917 3337 1033 3402 rogam
1051 3338 1083 3393 et

108 3404 195 3473 poter
211 3405 288 3476 ni
302 3409 336 3463 27
355 3407 452 3462 temen
468 3407 489 3457 B
