2386 3816
269 159 588 218 DECLAMATIONES.
603 162 845 221 ccchxxxvffl.
961 165 1027 230 435

67 322 208 406 numine,
232 324 317 407 quod
340 325 436 390 rebus
459 324 619 411 humanis,
643 326 741 392 etiem
761 349 825 411 que
842 348 910 392 non
928 349 1026 412 oppe-

66 415 128 494 ret,
150 409 342 498 intervenit)
369 434 503 499 peregre
525 415 717 500 negotiandi
740 437 838 482 causa
860 416 1025 501 profectus

67 503 130 565 est:
150 522 223 565 oum
242 499 327 566 forte
346 502 434 567 videt
451 525 588 587 puerum
600 503 772 568 venalibus
786 504 1025 590 interpositum,

66 590 163 654 simul
187 593 220 654 et
243 590 378 674 ognovit
400 594 434 655 et
456 592 587 678 agnitus
610 596 668 658 eet.
704 593 808 676 ›quis,
831 593 947 677 inquit,
969 616 1024 658 vo·

65 678 116 742 bis
143 679 302 762 narravit,
331 679 366 743 in
393 701 474 764 ques
497 684 603 746 terrm
626 681 752 746 deletus
776 680 901 746 essem?
946 700 1059 749 numo

65 767 138 831 avie
161 766 287 833 vivier<
310 768 421 852 itaque
444 769 561 834 hebuit
583 792 663 853 puer
685 770 894 853 adsertorem,
917 771 1024 835 adser-

63 859 117 920 tor
136 877 337 941 sponsorem,
359 857 550 942 peregrinus
569 859 754 941 edvooetos,
778 859 940 942 cumipse
959 859 1025 923 vnl-

63 948 117 1008 tus
142 966 272 1010 oausam
295 946 511 1029 ingenuitatis
535 968 612 1013 suae
635 951 761 1033 ageret:
792 947 897 1013 filium
920 947 1025 1031 istius,

63 1033 141 1116 quid
164 1034 253 1099 eliud
277 1033 395 1118 dicem,
417 1057 514 1120 quem
538 1035 767 1121 agnoverunt?
808 1056 867 1101 neo
891 1036 1023 1101 mirum:

62 1122 146 1186 nihil
165 1127 237 1188 erat
256 1123 435 1189 confusum.
463 1123 568 1190 fateor
586 1125 726 1190 multum
745 1124 928 1190 absentium
946 1145 1021 1207 quo·
1042 1142 1076 1192 10

62 1232 124 1294 que
146 1211 308 1295 profuisse
332 1213 480 1295 nomine,
503 1235 575 1279 oum
600 1213 788 1297 diceremus,
811 1213 934 1278 »hebet
956 1234 1022 1278 me·

62 1305 156 1383 trem,
178 1299 278 1366 hebet
301 1301 434 1366 oviam«
465 1301 500 1366 in
517 1323 583 1367 una
600 1323 645 1387 re,
666 1302 799 1385 indices,
821 1301 951 1366 mentiti
970 1324 1021 1366 su·

62 1409 144 1452 mus.
189 1388 431 1455 adfirmavimus
454 1391 539 1455 enim
562 1391 721 1474 futurum,
749 1393 787 1454 ut
809 1389 895 1455 huno
918 1393 1022 1454 mater

61 1481 259 1561 agnosceret

130 1567 369 1653 [Argumenta]
407 1565 501 1632 Bone
523 1572 661 1652 peteme
683 1568 750 1633 filio
774 1571 859 1652 peto.
1040 1581 1073 1633 15

125 1654 214 1738 „Sed
241 1677 316 1742 ego,
343 1656 464 1741 inquit,
491 1657 585 1722 heres
615 1656 715 1722 sum.“
761 1655 823 1720 Sed
851 1656 904 1721 hio
932 1656 1021 1739 prior

58 1744 162 1810 heres.
363 1798 368 1813 ,

126 1832 275 1917 „Periit,“
298 1834 414 1919 inquit
443 1832 600 1910 Quando?
624 1833 709 1917 apud
733 1832 840 1897 evium
858 1831 1019 1897 valuerat:

60 1922 101 1986 ad
125 1925 264 1987 mortem
287 1923 460 1988 arcessitus
484 1923 556 1989 est?
580 1921 700 1987 diutius
725 1920 846 2004 captivi
870 1920 955 2004 apud
973 1920 1020 2006 pi·

60 2013 149 2076 ratas
172 2010 296 2076 vivunt
318 2011 424 2096 „visis
446 2011 560 2098 inquit,
582 2011 698 2096 piratis
716 2009 848 2075 relictus
866 2009 1018 2074 fluetibus
1038 2023 1072 2073 20

60 2099 197 2164 obrutus
226 2097 303 2164 est“
348 2100 425 2186 quid
455 2100 527 2165 eis?
560 2098 716 2166 relictus?
749 2098 809 2164 ulli
831 2102 937 2163 metus
961 2096 1020 2162 filii

61 2188 250 2255 memoriam
277 2188 341 2255 tibi
371 2189 559 2254 excutiunt?
605 2192 745 2254 matrem
773 2209 840 2252 non
869 2207 1020 2271 agnosco.

60 2277 218 2362 quaedam
237 2278 393 2344 animalia
410 2278 482 2362 ipso
497 2300 553 2344 ore
572 2278 607 2343 in
624 2277 778 2362 periculis
797 2276 923 2342 catulos
942 2297 1018 2341 suos

59 2367 261 2432 transferunt
286 2389 451 2452 novusque
474 2366 542 2432 illis
563 2366 770 2453 indulgentie
793 2386 909 2429 manus
932 2385 1018 2429 oom-

57 2461 168 2521 mente
195 2460 257 2522 est:
287 2457 402 2522 noxios
430 2456 555 2541 alioqui
580 2477 708 2521 morsus
731 2455 806 2519 huie
829 2453 886 2518 uni
909 2452 1016 2518 officio
1035 2466 1070 2516 25

57 2545 222 2629 mitigant
248 2544 444 2630 nidulorum,
466 2545 495 2610 si
513 2545 720 2627 infestentur,
742 2543 855 2609 erebra
878 2541 1017 2606 mutatio

58 2636 118 2697 est.
141 2655 200 2698 neo
223 2633 399 2718 quidquem
417 2654 520 2719 usque
539 2656 578 2700 eo
596 2633 702 2698 ferum
722 2636 783 2714 est,
804 2634 927 2695 utnon
945 2652 1017 2695 oum

57 2721 214 2806 progenie
238 2743 297 2786 sua
315 2722 449 2806 migretr
472 2722 553 2789 odeo
570 2722 647 2807 illis,
670 2721 788 2806 quibus
808 2719 953 2784 omnium
971 2741 1017 2782 re·

58 2833 131 2875 rum
154 2810 339 2875 intellectus
363 2815 502 2896 negatus
522 2815 581 2896 est,
602 2811 657 2876 hio
673 2814 785 2875 temen
804 2806 949 2872 adfectus
968 2829 1017 2871 re-

128 3010 144 3057 3
163 3003 273 3058 videret
290 3003 495 3074 Blvenetibus
513 3005 559 3074 Al
575 3009 592 3057 4
611 3000 746 3072 cognovit
763 3003 854 3071 Pll13
873 3001 947 3054 huno
966 3015 1016 3055 om.

57 3079 77 3127 B
91 3078 100 3145 ΙΙ
116 3079 221 3129 14-Ῑὸ
240 3076 407 3145 ugnosoeret
424 3076 554 3145 ergnffilu
570 3074 644 3128 bone
662 3075 720 3143 pet.
741 3077 788 3128 eto.
803 3076 834 3141 Δ,
853 3071 1018 3152 agnosceret

57 3147 131 3200 bona
148 3150 215 3215 put,
238 3147 335 3202 omisso
354 3147 557 3217 arguments!
580 3145 590 3214 11
614 3151 647 3199 16
667 3145 737 3198 haee
755 3147 776 3195 Β
794 3143 804 3212 ΙΙ
824 3147 857 3197 18
876 3142 991 3222 pente
1008 3140 1018 3211 ll

57 3223 90 3272 19
110 3221 262 3272 ernest
297 3218 306 3287 ΙΙ
343 3217 492 3274 eroereitus
510 3220 547 3286 A,
570 3215 764 3271 arcessitusll
801 3216 810 3285 ΙΙ
846 3218 879 3267 21
903 3210 1017 3265 rehotus

56 3287 151 3344 umore
170 3288 230 3362 plis
248 3288 336 3343 etiem
354 3289 421 3344 ferie
440 3287 531 3342 multi
549 3287 643 3343 velere
662 3285 714 3340 ulli
733 3290 780 3340 eto.
791 3284 1016 3370 Alffil—locom·

55 3377 188 3501 metnduta
205 3381 247 3501 A}
260 3378 270 3447 ΙΙ
283 3381 389 3432 25-28
405 3381 436 3428 Ν
452 3378 547 3448 Allo
566 3374 656 3447 aliqui
667 3378 691 3428 Δ
704 3377 764 3446 ll‘lss
782 3372 847 3426 del
865 3373 962 3438 &ture
976 3384 1032 3418 ne-

55 3464 93 3517 ge
107 3466 139 3501 ue
157 3464 208 3504 om.

834 3527 896 3583 ‘N‘
