2386 3816
535 152 765 219 QUINTILIANI

521 367 782 438 coonxxm„

420 492 648 560 Ornamentis
669 493 889 577 redemptus.

176 620 361 684 ABnrcan
389 636 524 685 nrcnsn.
571 636 742 685 sunonem
768 635 914 685 nonnul
942 635 999 684 su·
1024 636 1140 685 Acme.

266 708 398 773 Amissa
419 731 519 773 uxore
542 712 575 772 et
598 708 736 773 defossis
759 708 794 771 in
817 707 967 792 sepulcro
992 708 1067 773 eius
1091 731 1140 773 or-

141 811 157 862 o
265 797 427 862 namentis
450 796 639 882 superduxit
660 797 730 862 filio
752 818 936 862 novercam.
978 801 1099 881 captus
1122 820 1140 861 a

265 885 380 968 piratis
403 889 498 969 pstor
519 885 559 950 de
577 886 800 969 redemptione
818 885 959 969 scripsit
990 892 1140 950 morante

265 975 344 1056 filio,
366 996 447 1039 uxor
470 997 509 1039 ex
532 976 678 1058 sepulcro
702 975 819 1057 prioris
842 973 954 1038 uxoris
979 975 1069 1040 eruit
1092 972 1140 1040 or'-

266 1067 421 1128 nements
444 1067 477 1128 et
498 1063 598 1128 misit.
627 1065 669 1129 ob
692 1063 754 1128 hoe
777 1085 797 1126 a
820 1063 972 1147 privigno
997 1064 1139 1146 sepulcri

266 1152 381 1217 violati
408 1159 558 1217 accusata
585 1156 619 1217 et
645 1152 800 1218 damnata
827 1157 887 1216 est
931 1156 1031 1234 pater
1059 1151 1141 1217 redit

267 1245 300 1305 et
322 1240 452 1305 abdicat
473 1241 586 1306 filium.

489 1416 825 1483 DECLAMATIO.

245 1539 332 1604 Ante
360 1564 457 1626 quam
488 1543 700 1626 parricidium
732 1543 884 1606 inertiam
917 1542 1045 1607 obicio:
1078 1565 1140 1608 non

179 1651 213 1693 es
240 1631 481 1715 peregrinatus,
513 1632 612 1697 etiam
639 1653 690 1696 me
718 1632 955 1716 peregrinante.
1007 1637 1138 1698 coactus

179 1740 250 1783 sum
274 1722 347 1784 tuas
371 1720 456 1784 vices
481 1721 649 1786 sustinere.
680 1721 737 1786 sed
756 1720 851 1798 dices,
874 1741 940 1784 non
959 1723 1070 1786 totam
1089 1722 1139 1786 do·

127 1821 159 1870 15
178 1830 266 1872 mum
291 1808 324 1872 in
348 1809 529 1892 periculum
552 1810 714 1875 committi
736 1809 896 1874 debuisse.
940 1810 1139 1893 remansisti,

179 1901 217 1961 ut
238 1897 435 1963 redimeres?
470 1899 591 1963 redime
620 1903 748 1983 patrem
771 1900 913 1982 captum!
952 1897 1139 1964 deseruisti:

181 1987 357 2051 maximum
381 1987 516 2071 crimen,
538 1989 638 2052 immo
661 1987 880 2071 parricidium.
926 1992 1087 2071 quantum
1109 1989 1140 2052 in

179 2079 212 2138 te
235 2074 306 2158 fuit,
330 2076 455 2140 occisus
474 2098 555 2159 sum,
578 2081 611 2141 et
629 2075 832 2162 gravissimis
851 2076 981 2161 quidem
1000 2081 1138 2143 tormen-

180 2163 232 2226 tis.
255 2184 359 2248 neque
383 2167 441 2248 est,
464 2165 550 2248 quod
571 2168 797 2249 paupertatem
821 2186 967 2229 excuses:
991 2166 1138 2251 impietas

126 2267 161 2316 2ο
180 2250 251 2316 fuit.
287 2253 439 2317 moraris:
473 2256 506 2318 et
538 2255 616 2338 quid
648 2253 751 2318 facis?
793 2258 830 2319 ut
858 2254 959 2318 sciam
988 2254 1137 2337 otiosum,

180 2362 320 2406 accusas.
366 2341 429 2407 hoe
458 2343 575 2408 vacat?
617 2346 651 2407 et
679 2365 776 2427 quarn
806 2344 961 2408 accusas?
1007 2365 1137 2410 uxorem

179 2451 294 2494 meam.

249 2517 472 2605 „Sepulcrum
504 2521 625 2606 inquit,
652 2519 859 2586 violaverat“
909 2520 994 2596 Quid
1019 2523 1061 2587 ad
1085 2521 1138 2588 te?

179 2629 252 2672 mea
278 2609 399 2674 iniuria
427 2614 490 2693 est3
522 2630 583 2693 ego
610 2609 792 2675 vindicabo,
839 2610 894 2674 sed
921 2633 962 2674 ne
987 2631 1050 2696 ego
1075 2611 1138 2697 qui·

126 2712 160 2763 25
180 2695 252 2760 dem
277 2696 392 2763 debeo:
419 2703 506 2763 recte
529 2699 676 2764 violavit.
724 2702 781 2784 „ut
803 2700 899 2782 scias,
924 2700 1047 2784 inquit,
1071 2721 1138 2785 pec-

180 2806 284 2850 casse:
314 2786 469 2852 damnata
492 2786 569 2852 est.“
616 2787 757 2866 miraris,
782 2788 915 2852 absente
938 2788 1033 2854 viro?
1081 2810 1138 2876 ego

180 2875 220 2950 te,
236 2895 324 2956 uxor,
340 2875 499 2959 damnavi,
519 2877 642 2959 optima
659 2876 867 2942 feminarum:
887 2877 942 2941 sed
956 2877 1139 2943 vindicabo.

254 3055 268 3102 1
289 3046 456 3103 CCCLXXII
474 3053 576 3119 ΔΒΙΙ2
595 3051 751 3106 redemstus
770 3052 846 3121 ΔΙΙ4
865 3051 1047 3108 defossis
1066 3057 1139 3125 Adss

182 3122 278 3176 orante
297 3124 333 3187 Δ,
360 3120 480 3174 moranti
498 3124 518 3172 Β
533 3124 571 3192 ΙΙΊ
592 3124 622 3176 et
639 3126 673 3191 B,
693 3139 707 3176 e
726 3128 746 3175 Β
764 3124 774 3191 ΙΙ
792 3129 807 3176 9
828 3139 885 3177 acc.
905 3122 993 3177 etiam
1011 3130 1082 3179 nata
1100 3128 1141 3180 est

178 3195 199 3243 B
217 3193 227 3260 ΙΙ
247 3198 279 3246 12
298 3190 465 3260 parricidium
483 3196 506 3244 Δ
524 3195 534 3261 ΙΙ
553 3198 586 3247 15
612 3209 671 3247 rem
690 3194 792 3247 auxisti
810 3197 830 3245 Β
849 3196 859 3262 fl
880 3201 912 3249 16
935 3200 968 3249 ut
990 3196 1141 3251 redimeres

179 3265 288 3330 patrem
308 3265 429 3332 captum.
449 3264 525 3328 edd.;
552 3266 615 3319 item
638 3282 699 3320 cum
721 3267 800 3335 eiyrw
825 3267 1052 3336 interroyationic
1071 3267 1115 3323 Ro
1133 3269 1140 3336 ΣΙ

182 3339 215 3388 19
234 3350 347 3389 accuses
365 3338 404 3387 Ba
417 3336 427 3403 ΙΙ
441 3340 475 3389 20
494 3335 617 3390 occisum
634 3340 655 3388 B
