2386 3816
90 112 155 178 100
456 108 684 176 sumntum

153 275 337 340 indebitam
359 270 530 358 pecuniam
554 275 594 339 ab
619 273 721 338 amioo
742 276 819 357 peto
839 276 872 337 et
888 271 977 338 buno
997 293 1055 357 po·

87 365 261 448 tissimum,
289 385 385 448 quem
408 364 634 446 calumniarer,
659 361 765 445 elegi?
789 383 863 427 oum
886 361 915 426 si
937 360 1056 444 defodi,

89 454 118 519 si
141 453 310 536 abscondi,
337 474 424 538 oum,
447 453 476 518 si
498 453 552 518 bio
575 474 649 519 vere
671 454 877 537 pauperest,
899 472 941 516 ne
960 450 1056 516 dom-

87 546 166 608 nato
196 542 324 626 quidem
349 543 411 607 sim
433 546 633 626 reoepturus:
666 562 735 606 rem
757 539 997 625 incredibilem,
1020 540 1056 605 in

53 647 153 716 sque
185 654 237 696 me
269 631 451 697 dementiae
483 630 615 697 erimine
648 629 795 695 damnori
823 649 955 696 neeesse
989 630 1056 694 est!

89 724 165 786 ante
194 721 304 785 omnia
331 720 509 805 perdidisse
536 741 588 786 me
616 740 745 784 omnem
776 719 947 804 pecuniam
971 717 1056 802 dico,

34 885 37 888 Α
87 831 129 875 ne
147 809 237 876 dives
257 831 327 875 esse
346 810 482 895 possim3
507 809 579 874 ideo
599 808 729 874 demum
743 808 892 892 mentior,
915 811 952 873 ut
970 807 1055 872 mihi

89 921 161 965 oum
190 899 314 964 duobus
343 900 444 964 servis
472 899 586 977 tortis,
609 899 638 963 si
661 903 772 962 tamen
795 897 978 984 quaestioni
1002 919 1055 962 su·

88 988 282 1072 perfuerint,
305 988 477 1053 vivendum
501 987 568 1053 sit?
592 987 621 1052 si
644 987 766 1072 minus,
790 987 863 1072 soli,
886 985 995 1073 qualis
1019 987 1057 1051 in

39 1092 71 1140 10
91 1077 187 1143 exilio
217 1076 277 1161 lui,
305 1077 410 1162 qualis
436 1098 509 1142 oum
532 1080 707 1162 tyrannum
730 1075 914 1164 fugerem?
934 1095 996 1162 ego
1026 1077 1057 1142 si

90 1166 270 1232 calumnior
293 1167 433 1232 amioum
456 1188 574 1251 meum,
598 1165 782 1251 graviorem
805 1186 945 1250 poenam
965 1165 1056 1232 ferre

88 1277 156 1320 non
179 1277 330 1340 possum:
353 1256 453 1340 perdo
478 1255 632 1341 quidquid
655 1259 741 1339 peto.

151 1343 196 1408 Et
228 1366 325 1427 quam
357 1366 488 1410 oausam
524 1344 685 1410 irascendi
717 1343 781 1408 tibi
813 1342 937 1408 habui?
974 1342 1057 1428 quid

89 1435 216 1496 tantum
240 1433 318 1496 meli
335 1432 443 1498 fecisti
465 1433 556 1518 mihi,
580 1437 617 1499 ut
634 1453 695 1519 ego
713 1454 781 1499 non
795 1433 858 1498 sim
876 1433 1055 1498 tormentis

39 1536 70 1584 15
92 1521 147 1602 [is]
166 1522 232 1586 tuis
256 1522 450 1587 contentus?
482 1521 570 1607 Soio,
593 1524 657 1588 diei
680 1522 786 1587 simile
811 1520 934 1608 aliquid
953 1521 1056 1587 etiam

90 1632 129 1674 ex
156 1614 251 1694 parte
279 1610 420 1676 diversa:
457 1633 551 1697 quem
580 1612 643 1676 sibi
676 1634 771 1677 usum
794 1612 863 1677 fore
885 1610 1057 1697 pecuniae,

90 1698 184 1765 dioet.
226 1704 301 1765 ante
324 1702 433 1766 omnia
455 1702 518 1767 hoo
541 1701 700 1766 dissimile
719 1705 782 1767 est:
808 1701 894 1786 qnod
915 1702 1057 1785 pauperi

90 1788 212 1873 alioqui
239 1794 272 1854 et
299 1789 435 1855 duorum
463 1791 639 1856 liberorum
662 1790 749 1877 petri
771 1789 867 1875 (quae
890 1811 942 1855 res
966 1810 1056 1855 soer-

89 1878 213 1943 biorem
238 1883 464 1965 paupertatem
496 1878 591 1966 feeit)
623 1884 734 1944 tumen
762 1883 888 1945 seoreto
914 1875 1056 1963 pec'unio

38 1980 72 2029 20
90 1971 124 2031 et
164 1967 276 2032 abdita
317 1968 422 2034 adfert
464 1970 679 2035 securitatem.
733 1991 810 2034 nom
851 1971 888 2032 ut
925 1990 1054 2052 posses-

90 2054 197 2121 siones
220 2078 288 2121 non
315 2079 424 2142 pares,
452 2062 490 2124 ut
512 2058 674 2123 familiam
696 2080 763 2124 non
786 2079 890 2136 emus,
917 2079 983 2123 non
1007 2059 1055 2124 la·

89 2143 179 2208 xiore
197 2144 327 2209 habites
346 2146 451 2230 domo,
475 2147 627 2213 adversus
646 2148 813 2213 fortunam
832 2153 944 2212 tumen
961 2150 1055 2214 tutus

91 2253 139 2296 es:
161 2232 224 2297 tibi
242 2235 379 2317 peounia
396 2234 459 2300 hoo
477 2240 631 2322 praestat,
650 2241 688 2303 nt
707 2239 751 2302 sis
770 2258 892 2322 pauper
912 2258 1053 2304 securus.

93 2321 183 2386 adice
206 2322 296 2406 illud,
319 2324 405 2408 quod
428 2328 465 2390 tu
489 2326 528 2391 de
551 2326 754 2412 longioribus
778 2326 980 2413 temporibus
1001 2349 1056 2393 oo-

39 2422 72 2473 25
92 2411 187 2496 gitas.
230 2412 265 2476 in
292 2435 432 2498 summe,
461 2414 489 2478 si
511 2415 630 2499 vineis,
658 2416 801 2502 aliquam
824 2420 936 2481 tamen
958 2421 1055 2502 potes

93 2505 240 2585 spectare
258 2502 432 2568 rationem:
452 2524 513 2589 ego
533 2527 589 2570 our
607 2504 742 2591 litigem,
762 2505 925 2593 quidest?
944 2510 981 2571 ut
994 2506 1054 2571 uli·

92 2590 169 2673 quid
188 2591 356 2657 anferam?
379 2593 456 2678 quid
474 2593 585 2678 habes,
607 2594 671 2658 nisi
691 2595 896 2680 depositum?
916 2616 976 2681 ego
992 2618 1055 2681 me,

89 2677 221 2763 iudices,
239 2679 325 2746 huno
343 2682 515 2765 pecuniam
533 2683 711 2767 perdidisse
727 2686 802 2750 seio.
825 2706 903 2749 nam
917 2683 1054 2750 utdam-

90 2768 182 2850 netis,
207 2791 270 2852 quo
291 2771 467 2855 monu<m>
492 2771 643 2837 mittam?
666 2774 887 2856 perseverabit
909 2775 995 2839 enim
1019 2775 1054 2839 in

163 2984 176 3032 1
196 2978 324 3034 indebito-
343 2987 372 3048 0,
392 2999 428 3036 on
447 2982 571 3038 debitum
590 2988 611 3035 B
629 2985 638 3055 11
658 2989 674 3037 1
694 2982 746 3037 ool.
765 2984 856 3054 relegi
873 2989 926 3054 As,
946 2987 1053 3042 calum·

90 3048 168 3103 niure
186 3050 276 3119 relegi
294 3052 337 3122 Bll
351 3051 452 3107 *effodi
470 3059 550 3122 Ano,
571 3054 681 3110 defodit
699 3054 740 3110 Gr
758 3057 768 3127 l
785 3061 802 3110 3
821 3056 990 3113 obsoondi
1007 3064 1031 3111 A
1043 3059 1053 3130 11

91 3126 109 3174 4
127 3119 242 3188 inquam
260 3125 335 3193 3118
354 3124 526 3192 quaestionis
544 3130 568 3177 A
580 3127 619 3196 119
639 3127 681 3182 sin
700 3125 793 3181 minus
812 3129 902 3197 01114
920 3129 994 3185 mule
1013 3130 1053 3185 fe-

92 3191 155 3246 cisti
173 3197 221 3245 Δο
235 3194 245 3265 11
259 3200 293 3248 10
312 3194 393 3248 istius
412 3201 497 3263 Ano,
517 3212 588 3252 corr.
608 3197 676 3265 Solu
693 3197 803 3270 isti[u]s
822 3201 879 3254 Aer
893 3201 902 3272 11
918 3207 951 3256 16
969 3219 1053 3270 pecu·

88 3261 152 3318 nise
171 3263 258 3319 sorec
271 3267 280 3337 11
295 3272 329 3322 10
340 3266 444 3338 adfert]
464 3265 545 3322 addit
562 3270 655 3338 01114
673 3269 749 3338 quod
767 3276 848 3326 omn
861 3273 871 3342 11
886 3278 919 3327 16
939 3272 1053 3344 litigem

88 3339 130 3386 Ae
151 3335 160 3405 11
183 3340 217 3390 19
237 3354 301 3405 quo
320 3343 343 3390 A
366 3339 375 3407 11
396 3339 595 3395 manumittom
613 3346 696 3410 ΔΒο,
715 3357 785 3398 corr.
804 3344 876 3413 Aer;
896 3361 996 3400 monus
1014 3363 1050 3402 m.

90 3405 129 3460 Pi
142 3408 151 3477 1
164 3409 355 3476 perseveravit
372 3415 444 3463 Alc
