2386 3816
357 185 674 242 DECLAMATIONES.
695 187 821 244 CCLXX.
1011 190 1074 255 103

106 350 169 435 qui
192 350 294 414 filiam
319 349 360 414 ad
383 350 612 434 magistratum
636 351 798 436 produxit,
822 353 877 436 qui
899 353 1074 438 praecepit,

109 443 148 504 ut
176 442 314 504 mortem
341 439 482 523 raptoris
511 443 647 517 optaret.
691 463 750 506 nos
779 463 856 527 ergo
887 464 1016 508 causam
1040 442 1073 506 id

110 549 184 593 esse
206 528 321 593 mortis
345 528 497 609 dicemus,
521 529 607 612 quod
626 530 725 594 nullis
744 534 836 596 extra
855 530 1072 596 accidentibus

109 617 219 681 causis
243 620 382 681 mortem
401 617 527 681 homini
546 617 681 703 adferat,
705 620 792 704 quod
811 621 915 685 solum
934 624 1073 685 mortem

110 705 238 770 homini
265 705 420 772 intulerit.
472 705 586 771 deinde
615 707 771 792 dicemus,
800 709 828 774 si
861 710 1109 775 accedendums

111 795 156 858 sit
178 794 320 860 finitioni
344 795 449 880 partis
469 796 632 881 adversae,
654 796 841 882 frequenter
860 798 958 864 etiam
976 798 1073 864 hone-

111 883 258 949 stissima
279 884 314 949 in
336 884 422 950 hanc
439 885 635 950 calumniam
658 887 770 952 cadere
793 910 898 972 posse.
944 887 1074 953 subiun-

110 993 227 1058 gemus
255 975 491 1060 quaestionem,
520 997 562 1039 an
588 975 693 1059 possit
721 976 892 1061 quisquam
920 976 1074 1060 accusari,

110 1063 199 1147 quod
227 1085 325 1128 causa
354 1063 470 1128 mortis
492 1063 606 1147 fuerit,
633 1064 668 1128 in
692 1087 729 1130 eo
754 1067 809 1150 qui
832 1067 901 1132 iure
925 1066 969 1131 sit
992 1066 1074 1130 occi-

109 1173 178 1218 sus.
225 1154 373 1236 sequitur
404 1153 564 1238 quaestio,
603 1175 643 1216 au
675 1154 730 1218 hic
761 1156 830 1219 iure
863 1156 906 1219 sit
939 1154 1073 1220 occisus.
1094 1173 1128 1220 10

109 1241 291 1325 posthaec
319 1241 430 1306 licebit
456 1242 552 1306 nobis
575 1242 680 1308 dicere
710 1244 783 1322 illa,
814 1267 896 1328 quac
927 1244 998 1309 sola
1028 1243 1074 1307 di·

108 1333 237 1396 cuntur.

426 1488 762 1559 DECLAMATIO.

180 1614 251 1692 Qui
274 1637 388 1680 causa
412 1616 550 1681 mortis
573 1615 707 1701 fuerit,
730 1617 859 1703 capite
882 1618 1074 1701 puniatur.

181 1703 269 1770 Satis
298 1705 441 1770 ostendit
468 1705 539 1790 ipsa
567 1727 685 1790 poena,
713 1727 786 1770 eum
814 1705 942 1771 demum
970 1706 1075 1772 teneri
1095 1722 1128 1770 15

108 1795 175 1860 hac
198 1796 282 1880 lege,
313 1794 369 1879 qui
391 1793 477 1859 idem
500 1794 709 1879 commiserit,
732 1795 819 1878 quod
843 1795 871 1860 si
895 1795 1075 1860 occidisset.

109 1905 218 1969 neque
264 1883 351 1948 enim
392 1884 524 1968 grauius
571 1883 746 1969 quidquam
788 1883 942 1948 adversus
993 1905 1075 1968 eum,

110 1973 170 2058 qui
195 1995 254 2037 sua
277 1994 374 2038 manu
394 1972 603 2058 interfecerit,
626 1972 822 2038 constituere
840 1971 949 2056 potuit
965 1972 1075 2056 legum

109 2063 207 2146 lator,
236 2083 332 2146 quam
352 2061 504 2127 adversus
524 2083 608 2146 eum,
627 2061 683 2146 qui
701 2082 832 2126 causam
851 2060 1076 2146 praestitisset.

110 2172 192 2238 ergo
219 2171 259 2217 ex
282 2151 492 2217 similitudine
515 2173 638 2236 poenae
662 2150 762 2216 etiam
786 2151 907 2217 crimen
929 2172 988 2234 par
1011 2150 1076 2216 exi·
1095 2166 1130 2215 20
1157 2178 1176 2211 ι

111 2261 191 2328 gere
215 2239 350 2306 debetis.
382 2239 454 2306 Hoc
477 2263 540 2326 quo
563 2239 728 2326 pertinet?
750 2262 793 2305 ns
812 2239 1005 2305 existimetis
1024 2261 1077 2306 ue-

111 2353 186 2395 ram
209 2329 301 2394 illam
325 2352 396 2396 esse
419 2329 609 2415 finitionem,
633 2353 730 2414 quam
750 2351 826 2415 pars
845 2329 973 2394 diversa
992 2351 1076 2394 com·

112 2419 283 2504 plectitur:
308 2424 345 2485 ut
367 2441 426 2505 per
441 2441 673 2504 quemcumque
688 2419 826 2502 steterit,
848 2418 899 2482 uti
912 2418 1011 2483 homo
1026 2439 1078 2482 oc-

114 2508 258 2594 cidatur,
289 2509 318 2574 is
345 2509 497 2575 continuo
526 2530 624 2574 causa
654 2508 769 2573 mortis
796 2506 896 2572 fuisse
923 2505 1078 2570 videatur.

114 2599 241 2684 alioqui
262 2598 327 2663 ista
348 2597 476 2664 ratione
500 2601 532 2662 et
552 2597 619 2682 ille,
643 2597 697 2682 qui
714 2597 885 2662 nocentem
904 2593 1078 2675 accusavit,
1097 2608 1132 2658 25

114 2710 214 2754 causa
237 2686 352 2752 mortis
375 2686 451 2770 fuit3
476 2692 509 2752 et
532 2686 597 2772 ille,
621 2686 676 2771 qui
694 2685 917 2751 testimonium
936 2684 971 2750 in
986 2705 1078 2749 reum

116 2777 211 2861 dixit,
244 2775 380 2852 etiamsi
404 2798 517 2840 verum
539 2774 573 2840 id
602 2774 679 2859 fuit,
711 2796 809 2840 causa
831 2778 941 2839 tamen
964 2772 1077 2839 mortis

113 2867 231 2932 haberi
249 2869 369 2951 potest,
394 2869 426 2929 et
444 2865 510 2948 ille,
533 2864 589 2949 qui
609 2864 773 2930 adulteros
794 2864 912 2928 marito
927 2862 1079 2949 prodidit,

192 3068 205 3116 1
225 3060 315 3115 filium
333 3064 356 3111 A
369 3061 379 3128 ΙΙ
392 3057 556 3128 perduxerit
573 3062 645 3126 AsP,
664 3057 795 3127 perduxit
813 3062 913 3125 Ablc,
933 3072 1002 3112 corr.
1022 3055 1080 3128 (ἔφη

117 3142 134 3190 3
154 3130 403 3188 excidentibusAc
417 3131 426 3200 ΙΙ
441 3137 457 3186 6
475 3129 702 3184 honestissimam
723 3129 753 3184 in
772 3134 815 3192 ΒΕ
834 3135 849 3184 ‘1
869 3129 986 3184 caedere
1004 3133 1028 3180 A
1041 3129 1081 3197 tlt

117 3207 215 3276 posset
239 3210 280 3257 Ac
302 3206 310 3275 ΙΙ
335 3209 366 3258 11
387 3200 453 3272 *qu
501 3199 607 3275 hodie>
633 3201 693 3257 sola
712 3199 748 3271 (?)
771 3202 781 3270 ΙΙ
805 3207 838 3255 16
863 3201 916 3255 hac
941 3199 1005 3269 lege
1030 3215 1081 3254 om.

115 3281 162 3330 Bc
185 3277 194 3346 ΙΙ
217 3275 252 3348 si]
269 3275 322 3358 'qui
339 3274 384 3330 Fr
406 3276 415 3344 ΙΙ
438 3279 470 3329 18
502 3289 582 3344 egem
601 3272 675 3379 putor
693 3278 716 3325 A
738 3273 749 3341 ΙΙ
773 3277 808 3354 19.
825 3288 939 3382 caugum
957 3276 981 3323 A
1007 3273 1017 3339 ΙΙ
1046 3275 1081 3324 20

115 3350 505 3491 sttdtlctfdt
518 3343 599 3487 litet.
620 3343 931 3485 tttlllttsstll
943 3348 1086 3479 {teu

113 3492 199 3557 Aerl
209 3496 243 3543 25
259 3491 405 3544 accusaret
424 3490 467 3558 vll
480 3493 515 3553 28
534 3488 656 3548 maritos
673 3492 720 3544 Bc
