2386 3816
105 148 171 214 250
471 95 703 214 QlllNTlLIANI

104 314 188 378 hanc
211 334 371 377 summam
400 312 467 376 utri
493 311 645 376 vellem‘l
660 332 726 376 non
748 313 881 396 poterat
904 311 1003 378 aliter
1025 311 1067 377 ef·

104 403 206 484 ficere,
229 405 266 466 ut
290 401 371 466 mihi
394 402 449 466 isti
472 401 737 484 obsequerentur.
766 401 968 484 excogitavit
990 421 1067 486 ergo

105 490 247 576 optimus
266 490 411 555 omnium
430 490 623 572 amicorum,
641 489 804 573 quomodo
823 489 881 554 isti
898 493 1069 576 tamquam

104 583 244 665 patrono
277 579 358 643 mihi
390 580 657 663 obsequerentur,
684 600 759 644 cum
786 578 911 663 alioqui
942 581 1069 663 praedi·

69 670 234 733 ovinaret
255 669 330 752 hoo,
357 668 443 752 quod
470 668 599 732 accidit:
626 668 750 732 nullam
778 668 865 752 apud
892 668 976 733 istos
999 669 1069 734 fore

105 758 267 823 amicitiae
290 778 444 842 summae,
466 757 591 822 nullam
612 759 745 822 nostrae
764 757 1002 822 coniunctionis
1021 780 1070 824 re·

103 848 293 913 verentium.

170 937 266 1001 Ratio
291 956 369 1021 ergo
392 935 580 1000 testamenti
602 935 679 1000 talis
704 937 768 1000 est:
794 957 836 1001 ne
859 935 911 999 ius
936 937 1070 1022 quidem

104 1025 237 1090 dubium
265 1029 349 1107 erat,
378 1025 477 1090 etiam
505 1027 681 1109 antequam
708 1024 834 1090 veniret
861 1024 896 1090 in
924 1025 1069 1091 dubium.

52 1129 84 1179 10
103 1115 188 1197 petis
214 1137 233 1178 a
256 1136 307 1179 me
331 1115 441 1180 decem
465 1113 556 1178 milia
579 1135 619 1178 ex
637 1116 834 1179 testamento
853 1115 988 1198 patroni
1005 1116 1070 1180 tui:

102 1204 278 1288 interrogo,
301 1225 343 1268 an
367 1203 437 1268 dari
456 1203 587 1268 iusserit
603 1201 689 1267 tibi?
712 1203 938 1286 quantaelibet
957 1205 1003 1268 sis
1022 1205 1070 1268 in·

102 1293 290 1376 pudentiae,
317 1313 385 1356 non
412 1291 589 1357 mentieris.
643 1312 743 1377 quare
774 1313 815 1355 ne
846 1291 906 1356 illa
937 1293 1069 1376 quidem

101 1381 162 1445 tibi
186 1381 284 1459 actio,
308 1403 390 1464 quae
414 1381 569 1446 invidiam
592 1380 698 1445 facere
722 1381 807 1445 solet
829 1381 978 1466 legatum
1001 1404 1071 1448 uon

103 1469 313 1547 solventibus,
336 1470 451 1534 relicta
474 1473 534 1553 est,
556 1474 594 1535 ut
617 1469 720 1534 dicas:
738 1470 847 1554 »quod
871 1489 932 1554 ego
952 1471 1069 1550 merui,

49 1575 82 1623 15
102 1559 276 1643 quod-ego
306 1559 376 1622 iure
403 1563 511 1643 peto«.
556 1558 691 1643 repetis,
720 1559 806 1644 quod
832 1559 896 1624 tibi
926 1564 1068 1626 nonest

102 1648 262 1712 relictum.
296 1670 408 1713 verum
430 1648 492 1713 hoc
516 1669 586 1713 esse
609 1647 819 1714 manifestum
838 1652 901 1713 est:
924 1649 1069 1733 peti<i>r

103 1738 185 1802 alter
207 1737 309 1822 prior,
340 1737 397 1821 qui
420 1737 483 1802 sibi
506 1737 611 1822 magis
635 1737 752 1822 dignus
781 1738 968 1822 videbatur3
1002 1761 1068 1823 quo

101 1831 233 1910 petente
255 1827 401 1892 tacuisti:
424 1846 491 1892 non
510 1830 621 1890 tamen
640 1826 784 1891 obtinuit
801 1825 843 1910 id,
867 1827 953 1910 quod
973 1829 1067 1893 nullo

101 1917 170 1980 iure
197 1920 327 2000 poterat
357 1916 517 2001 obtinere,
544 1919 580 1979 ut
608 1915 768 2000 acciperet
795 1916 941 2000 legatum
964 1916 1069 1983 incer·

48 2021 83 2070 20
101 2010 180 2069 tum.
226 2003 307 2086 „Sed
335 2006 397 2070 hoc
425 2006 498 2089 ipso
522 2008 671 2088 apparet,
694 2005 815 2090 inquit,
839 2004 950 2069 deberi
974 2006 1066 2089 mihi,

101 2093 187 2176 quod
219 2093 289 2176 ille,
328 2115 401 2158 eum
433 2094 551 2159 iudicio
584 2093 817 2177 contendisset,
851 2094 954 2159 victus
988 2095 1068 2161 est.“

100 2179 254 2246 Nondum
290 2181 464 2268 diligenter
502 2183 602 2247 verba
634 2184 821 2248 testamenti
852 2182 957 2269 legis?
1000 2206 1068 2250 non

101 2270 187 2335 enim
210 2271 272 2335 hoc
295 2272 453 2354 scriptum
477 2276 528 2336 est
545 2275 682 2354 tantum,
706 2276 743 2337 ut
762 2272 858 2337 alteri
878 2294 917 2338 ex
935 2272 1066 2339 libertis

101 2360 223 2425 darem:
255 2360 310 2426 sed
338 2360 432 2444 illud,
455 2394 498 2407 -
523 2384 586 2446 quo
614 2361 695 2425 mihi
724 2365 756 2427 et
787 2361 897 2444 plena,
930 2364 962 2426 et
986 2359 1066 2448 (quo

47 2465 81 2514 25
101 2450 207 2535 magis
230 2448 355 2535 doleas)
379 2454 536 2535 perpetua
559 2450 693 2515 libertas
717 2451 832 2516 relicta
855 2455 905 2516 est
926 2485 986 2534 -,
1010 2451 1067 2516 da·

100 2560 168 2604 rem
192 2540 257 2603 utri
279 2539 406 2605 vellem.
452 2561 530 2626 ergo
558 2541 586 2605 si
613 2539 676 2605 hoc
699 2562 765 2605 non
788 2539 875 2605 cadit
898 2541 934 2604 in
955 2562 1068 2606 rerum

99 2633 263 2711 naturam,
292 2633 330 2693 ut
352 2649 413 2714 ego
436 2628 484 2694 illi
507 2630 620 2695 malim
644 2628 734 2712 dare,
762 2629 818 2714 qui
841 2650 967 2694 mecum
993 2650 1068 2695 con·

99 2717 213 2800 tendit,
232 2739 393 2802 sperares;
413 2722 478 2800 aut,
498 2719 526 2783 si
545 2719 607 2784 hoe
624 2719 765 2802 probare
783 2739 907 2802 posses,
930 2741 982 2784 mc
1002 2718 1067 2784 tibi

101 2805 212 2887 malle,
239 2806 379 2891 forsitan
406 2807 526 2873 iudicio
554 2829 680 2891 quoque
708 2829 775 2873 non
798 2807 909 2891 inique
933 2812 1065 2873 conten·

46 2911 80 2959 3ο
99 2893 243 2976 de<re>s
271 2896 300 2960 si
319 2895 447 2980 quidem
466 2900 618 2962 neutrum
637 2896 752 2962 horum
771 2896 837 2961 tale
857 2899 916 2980 est,
939 2900 976 2960 ut
990 2918 1067 2962 oon·

171 3093 186 3142 5
204 3086 263 3142 fare
284 3092 323 3140 Aa
336 3090 346 3158 tt
363 3094 393 3142 12
413 3087 537 3142 metieris
556 3090 599 3157 llll
616 3095 647 3143 13
666 3089 774 3144 invidia
793 3089 1006 3158 dilegatum
1026 3090 1067 3162 All

101 3165 134 3213 14
152 3158 242 3214 diseas
261 3163 308 3212 AB
322 3161 332 3229 ΙΙ
348 3165 380 3214 lt
395 3157 520 3241 peti<i>t
538 3160 617 3230 Aerss
637 3167 670 3214 21
692 3160 868 3215 contendisse
887 3162 980 3230 Atti
1001 3166 1068 3216 ante

99 3229 250 3300 diligenter
272 3248 310 3300 ag
332 3232 373 3285 oet
398 3248 410 3284 1
452 3233 484 3285 ia
506 3247 608 3286 rasura
630 3233 709 3287 tabet
732 3234 782 3302 ll
805 3237 839 3285 23
859 3231 997 3301 scriptum
1022 3234 1067 3287 te·

99 3304 268 3357 stamentum
286 3307 306 3355 B
321 3303 330 3372 ΙΙ
344 3307 378 3356 ab
396 3248 537 3358 libertatis
555 3307 596 3356 Aa
608 3305 618 3374 ΙΙ
632 3309 666 3357 26
685 3305 739 3358 hoo
757 3319 807 3356 om.
821 3307 842 3354 B
856 3305 866 3372 ΙΙ
880 3309 913 3356 27
931 3304 980 3371 qui
1002 3319 1068 3358 eum

94 3388 143 3498 que
161 3375 308 3442 341128
328 3375 408 3444 potes
428 3375 593 3443 Anat-30
612 3373 835 3446 contende<re>s
854 3374 912 3428 Aer
941 3376 1002 3444 tat)
1017 3391 1067 3430 ne·

105 3460 168 3498 rum
187 3448 210 3498 Δ
