2386 3816
96 157 162 222 230
458 155 692 222 QUINTILIANI

92 343 144 386 res
182 321 239 385 ius
269 319 454 403 iurandum,
492 319 547 384 sed
580 320 657 405 quia
688 320 738 385 vic
739 319 804 385 tori
836 319 1060 406 obtinentique

93 431 224 474 eausam
251 408 427 474 facilet
377 413 439 490 est,
473 409 613 475 etlclret
644 406 835 495 disputare):
866 412 954 475 reete
981 409 1062 475 fecit

91 499 203 583 legum
233 499 333 582 lator,
361 499 418 582 qui
445 498 492 564 ita
510 493 647 583 scripsit
668 500 856 584 legem‚ut
877 520 945 565 non
967 499 1060 584 puni·

92 592 191 671 retur,
198 608 251 670 qur
242 587 508 654 condemnasset
519 586 640 672 quare?
650 587 1062 654 noluitacousatoremeese

56 677 371 761 ocalumniatorem,
385 676 491 742 noluit
477 681 638 742 ttaccuea
639 699 731 743 orem
743 677 820 742 darc
837 676 962 761 aliquid
976 678 1061 744 odio.

93 767 215 851 alioqui
229 767 357 849 scimus,
370 765 477 830 multa
490 787 566 831 vcra
580 765 711 851 quidem
718 787 785 832 non
795 787 875 850 esee,
890 767 1061 833 credibilia

91 859 202 920 tamen
217 877 295 921 esse.
310 859 441 921 accusat
442 876 479 920 or
494 854 571 940 quid
585 854 681 921 debet
690 855 831 921 ttibi'lu
793 858 916 922 eum
925 855 1061 942 deferat

92 944 246 1012 adversus
261 967 358 1030 quem
368 965 525 1029 argumen
525 943 704 1029 t‚ahabeat
718 945 873 1010 adversus
884 967 983 1048 quem
997 949 1060 1012 tea·

92 1037 142 1099 tes
156 1034 292 1101 habeat·
264 1033 427 1119 t‚alioqui
440 1037 611 1099 nocentem
626 1056 668 1099 an
682 995 888 1100 innocentem
903 1057 961 1120 qui
951 1034 1060 1100 scit?

39 1139 73 1188 ιο
92 1123 155 1208 ipsi
174 1123 296 1189 iudices
314 1124 376 1202 hoc
390 1145 456 1188 non
473 1128 618 1208 pronunt
603 1123 699 1210 tiant,
714 1123 769 1189 sed
784 1145 818 1188 se
833 1145 873 1188 ex
887 1124 990 1189 animi
1009 1123 1059 1189 eui

92 1216 165 1278 sent
167 1216 222 1277 ent
223 1213 256 1277 ia
207 1212 393 1278 tfaeere
424 1211 618 1297 profitur
524 1215 618 1277 entur
619 1214 744 1298 quie
773 1217 883 1278 antem
912 1212 1059 1297 miratur,

92 1301 121 1366 si
140 1323 178 1365 ea
195 1323 248 1366 res
268 1304 489 1366 accusatorem
508 1262 643 1386 decepit,
667 1324 749 1386 quae
768 1301 915 1387 decipere
934 1302 1055 1369 iudices

90 1389 220 1473 potuit?
249 1393 417 1454 aecusator
440 1412 513 1455 cum
536 1390 570 1455 id
594 1391 712 1475 effecit,
739 1394 777 1456 ut
799 1413 874 1456 reus
899 1391 1055 1456 damnan-

91 1479 150 1543 dus
169 1478 341 1562 videretur,
358 1478 497 1544 reddidit
513 1479 674 1546 rationem
694 1479 919 1546 accusationis.
943 1480 1053 1547 nullus

38 1583 72 1633 ιι
92 1571 203 1633 autem
224 1571 294 1632 tam
316 1567 441 1650 iniquus
465 1568 547 1654 legis
571 1568 658 1635 lator
680 1569 750 1654 fuit,
776 1574 813 1635 ut
836 1591 981 1636 errorem
1004 1592 1053 1635 ac·

91 1657 249 1723 cusatoris
273 1657 387 1741 punire
410 1657 516 1722 vellet.
563 1663 693 1742 oportet
716 1680 787 1725 esse
809 1659 845 1724 in
868 1658 1001 1724 civitate
1024 1662 1054 1723 et

91 1750 308 1812 accusatores:
347 1746 470 1833 alioqui
508 1746 619 1812 omnia
651 1748 824 1814 mittuntur
857 1748 905 1813 ad·
932 1770 1055 1830 manue,

90 1836 202 1902 omnia
225 1836 400 1902 mittuntur
424 1835 464 1901 ad
486 1835 619 1901 ferrum
669 1858 726 1922 per
755 1859 789 1902 ee
813 1837 982 1903 difficilem
1004 1858 1053 1902 ra-

89 1926 213 1992 tionem
241 1926 404 1991 vindictae
432 1929 465 1990 et
491 1925 627 1991 ultionis
651 1925 800 1992 facimus:
832 1947 936 2011 paene
960 1926 1054 1993 licen·

36 2030 70 2080 20
89 2015 171 2080 tiam
190 2014 433 2100 grassatoribus
454 2017 487 2079 et
505 2015 687 2081 latronibus
707 2016 831 2099 damus,
854 2016 941 2100 quod
960 2037 1054 2082 nemo

90 2124 242 2169 accusare
266 2104 336 2168 sine
355 2103 498 2187 periculo
518 2103 633 2188 capitia
653 2105 780 2169 suit
720 2127 764 2190 po
766 2108 839 2170 ttae
816 2105 927 2171 taed
945 2108 1053 2172 tamen

90 2192 243 2258 adversus
270 2192 350 2258 haec
378 2192 460 2257 illud
482 2193 735 2259 remediumt
685 2198 748 2277 est,
777 2201 862 2279 quod
886 2200 1054 2261 accusator

89 2282 225 2367 cogitat,
258 2281 335 2365 qnid
368 2281 552 2347 obiecturus
587 2283 640 2348 sit.
692 2284 720 2348 si
755 2305 796 2349 ne
828 2283 891 2350 hoo
925 2284 1054 2369 quidem

88 2371 230 2456 prodest,
206 2371 373 2436 tridisse
397 2371 553 2525 aliquid
543 2394 578 2436 m
597 2372 814 2457 accusatione,
835 2378 964 2454 motum
983 2395 1052 2439 esse

34 2476 69 2526 25
88 2422 313 2544 probabilibus
338 2464 509 2548 argument
509 2461 554 2546 is,
576 2461 611 2526 in
633 2464 686 2527 tot
686 2485 741 2528 um
760 2461 883 2527 <iudicia
905 2462 971 2528 ista
993 2463 1053 2529 tol·

88 2551 203 2616 lemus.

155 2638 251 2704 Hunc
276 2642 385 2705 autem
408 2639 576 2723 habuisse,
605 2661 704 2724 quare
729 2643 910 2723 accusaret,
934 2641 1053 2706 credite

87 2728 264 2811 iudicibus,
288 2729 343 2814 qui
366 2729 611 2794 damnaverunt.
656 2728 734 2812 „hic
757 2728 941 2794 inimicus.“
977 2730 1054 2816 quid

86 2817 145 2901 illi,
169 2817 226 2904 qui
248 2818 492 2904 cognoverunt?
526 2839 590 2902 quo
622 2817 721 2882 vultis
745 2820 854 2893 motos
878 2839 949 2884 esse
972 2819 1054 2885 iudi-

34 2922 69 2972 ιο
88 2927 154 2991 ees,
183 2911 221 2973 ut
248 2906 462 2973 damnarent?
498 2929 566 2973 non
594 2906 679 2973 enim
707 2906 790 2971 moti
814 2911 891 2972 sunt
915 2909 1053 2976 auotori-

159 3136 281 3193 2debet
298 3136 362 3205 disp
363 3135 438 3191 utari
455 3139 512 3201 ΑΒ,
533 3152 601 3191 corr.
620 3135 664 3190 Ro
678 3139 687 3207 ll
701 3141 773 3192 3-4
793 3153 849 3192 non
868 3135 1056 3206 impuniretur

87 3208 195 3278 linesi
212 3212 270 3276 AB,
289 3224 359 3264 corr.
343 3154 467 3276 Ι)1ιοΙΙὸ
484 3221 646 3264 accusarem
664 3207 816 3278 lalliqui
834 3207 1055 3278 Blssedvereus

88 3297 114 3348 q
135 3280 155 3334 t.
174 3251 279 3335 habeal:
301 3295 351 3336 om.
370 3280 534 3392 nimi-ss
558 3277 660 3334 animis
679 3280 711 3333 ut
729 3283 798 3335 sent.
818 3284 838 3332 B
861 3281 871 3350 l
896 3285 928 3335 12
949 3279 1056 3352 decipit

87 3388 136 3456 Bll
153 3390 184 3440 13
204 3385 294 3441 efficit
311 3389 377 3438 aba
395 3387 405 3453 ΙΙ
424 3351 520 3441 uticus
539 3387 585 3455 ΔΙΙ
605 3389 753 3442 letamen
771 3392 812 3440 Aa
826 3387 856 3457 ll'
848 3387 979 3442 mimicus
997 3391 1055 3454 ΑΒ,

73 3473 144 3514 em.
168 3457 212 3516 (dr
221 3460 237 3530 ll
250 3465 284 3515 16
306 3470 341 3520 Ν
356 3463 380 3513 Δ
393 3462 404 3533 ΙΙ
421 3465 453 3518 19
472 3460 506 3517 ut
518 3463 540 3514 B
553 3461 567 3532 ιι
578 3465 613 3516 ‘25
629 3456 786 3514 obiecturia
797 3457 1003 3526 hildemodi
1015 3463 1060 3509 ka
