2386 3816
189 162 192 166 ⁴
317 175 634 234 DEOLAMATIONES.
668 178 820 238 CCLXXX.
983 182 1047 248 143

78 339 228 426 fugerat,
250 339 372 425 inquit,
393 340 535 426 ruptor.“
580 343 660 428 seio,
688 344 767 428 quid
789 344 982 411 facillimum
1005 347 1048 412 sit

79 429 203 495 dioere:
236 434 426 515 persecutus
454 450 555 516 esses3
582 432 785 518 inquisisset,
815 434 842 498 si
870 456 964 500 verus
994 435 1048 501 hie

80 518 186 601 dolor,
208 519 237 584 si
259 540 338 585 reru
359 519 542 606 indignatio
568 525 646 602 eret,
668 542 735 587 non
758 523 931 590 omisisses.
980 547 1047 590 non

81 607 148 674 hoo
170 607 222 672 illi
239 607 375 693 profuit,
399 607 485 694 quod
506 609 668 696 profugit:
693 610 750 676 sed
772 612 866 699 illud,
889 613 976 698 quod
998 635 1046 679 re-

79 697 152 763 dire
189 696 376 782 permisisti.
427 698 567 765 fortusse
603 699 690 764 enim
728 706 900 767 contentus
937 702 1081 768 fueruso

63 785 144 870 ⁶buo
171 786 245 871 ipss
272 809 378 873 poene
406 788 509 867 exilii,
542 788 622 853 setis
650 788 848 856 vindicatum
880 795 914 855 te
945 791 1046 856 oredi-

77 875 186 942 deras.
231 873 282 940 Ne
303 875 385 941 illud
414 877 547 963 quidem
568 877 758 963 verendum,
789 902 830 944 ne
859 880 1046 965 raptoribus

79 965 268 1050 exemplum
286 965 493 1052 profugiendi
511 968 750 1052 permittamus,
770 969 797 1033 si
811 970 920 1053 optari
935 969 1046 1034 sdver-

78 1077 138 1121 sus
161 1075 217 1120 eos
241 1054 382 1140 emplius
404 1077 472 1121 non
495 1057 647 1141 potuerit.
684 1057 764 1123 setis
784 1058 872 1122 enim
890 1079 1046 1144 maguum

77 1143 278 1230 supplitium
296 1144 427 1211 honest
445 1148 479 1209 et
497 1149 629 1211 eertum.
663 1167 741 1211 nam
759 1146 798 1229 is,
821 1148 877 1231 qui
895 1168 1044 1231 permen·
1065 1162 1098 1212 ιο

77 1233 176 1314 serit,
210 1254 339 1318 sperare
367 1239 401 1299 et
427 1235 559 1322 nuptias
590 1234 726 1320 poterit,
753 1235 883 1302 etiamsi
905 1239 1046 1301 mortem

77 1322 224 1389 timebit:
248 1323 277 1388 ei
301 1344 390 1408 vero,
414 1325 470 1408 qui
493 1324 683 1410 profugerit,
706 1325 840 1390 exilium
863 1325 931 1391 sine
953 1324 1045 1391 dubi-

78 1412 207 1479 tatione
231 1412 295 1478 erit
316 1413 514 1498 patiendum.

148 1500 238 1568 Hoee
256 1502 379 1568 diceret
396 1502 476 1588 ipse,
499 1524 581 1588 quse
598 1523 685 1569 nuno
704 1524 765 1589 ego
786 1504 867 1587 diuo,
890 1504 1045 1590 quoniam

79 1591 141 1657 ille
164 1611 231 1657 non
254 1591 332 1656 dicit
350 1595 388 1657 et
411 1593 540 1658 obstare
563 1591 647 1658 nihil
667 1591 742 1676 [boe
759 1593 846 1677 loeo]
865 1596 961 1679 putet
984 1593 1044 1659 ius.
1065 1608 1098 1658 1⁶

79 1679 178 1766 <Hor
196 1680 292 1766 loeo>
307 1681 335 1747 si
349 1702 415 1747 non
428 1700 558 1766 possem
573 1682 707 1748 reddere
720 1683 892 1763 rationem,
914 1681 1045 1765 iudices,

78 1774 241 1857 qnantum
254 1790 328 1836 mea
341 1770 514 1837 interesset
526 1771 560 1836 id
574 1771 660 1857 quod
678 1771 816 1856 vindico,
838 1769 919 1836 illud
936 1773 1046 1836 temen

77 1859 324 1947 remonderem:
346 1882 406 1947 pro
429 1861 499 1925 iure
522 1860 612 1946 loqui
631 1859 752 1925 nemini
770 1859 939 1925 nonlicet.
971 1880 1045 1924 oon·

79 1951 195 2016 reniet
207 1950 295 2016 inter
311 1971 369 2016 ros
388 1949 527 2015 fortasse
547 1945 623 2035 (hoo
643 1952 701 2033 est,
716 1948 802 2034 quod
816 1969 868 2013 me
883 1947 1046 2012 sollicitis·

79 2039 202 2106 simum
223 2038 331 2126 feeit):
363 2040 479 2126 loquor
505 2043 615 2104 tomen
642 2059 702 2124 pro
730 2039 815 2123 lege,
847 2038 963 2122 loquar
986 2057 1044 2121 pro
1064 2053 1099 2104 20

270 2122 1045 2304 urt,terrueruut

503 2268 512 2302 7

81 2308 251 2393 periclitor
298 2308 385 2374 enirn
431 2306 569 2393 nuptiis,
614 2306 783 2392 periclitor
826 2305 1045 2388 matrimonio,

79 2418 149 2464 non
176 2419 242 2463 una
268 2401 363 2463 noete
393 2397 539 2482 cognito,
568 2418 627 2463 nee
655 2400 791 2483 propter
814 2415 957 2461 errorem
979 2393 1044 2457 for·

79 2491 170 2554 tosee
201 2508 262 2553 nee
288 2490 422 2574 propter
449 2487 616 2572 iniuriam,
644 2485 701 2551 sed
725 2485 864 2569 delecto,
892 2482 949 2549 sed
970 2503 1044 2566 pro·
1063 2497 1097 2547 25
1176 2498 1180 2507 ’

79 2575 170 2658 boto,
195 2576 250 2642 sed
272 2577 447 2661 inpetrato.

149 2667 305 2750 Temptat
328 2688 379 2730 me
403 2666 558 2730 adversus
580 2663 662 2730 haec
686 2685 777 2730 socer
791 2684 848 2747 spe
866 2662 990 2745 fellere,
1013 2664 1046 2726 et

80 2776 149 2822 non
178 2757 288 2840 pelam
318 2755 474 2839 ostendit,
506 2754 584 2839 quid
613 2754 658 2819 sit
686 2756 841 2838 optatura
863 2753 927 2818 ista
954 2750 1045 2816 blan·

81 2846 171 2910 ditur
198 2848 309 2911 temen
337 2844 476 2910 rationi:
509 2844 662 2927 libenter,
695 2842 830 2927 iudices,
863 2841 970 2923 eredo,
998 2861 1046 2905 re·

154 2991 171 3041 2
190 2987 263 3042 esset
280 2983 444 3055 inquisisset
462 2989 486 3039 et
505 2990 520 3038 3
540 2981 681 3038 omisisset
694 2978 750 3053 ΑΒ,
769 2998 838 3039 corr.
856 2983 914 3037 Aer
927 2983 967 3050 1Ιὸ
985 2979 1045 3035 fue·

80 3058 120 3113 ris
138 3061 199 3127 n,
218 3073 288 3114 surr.
307 3054 351 3113 Ito
373 3058 384 3127 fl
407 3053 641 3128 lb[hoel.]1to
664 3056 674 3124 ΙΙ
695 3056 811 3125 putetur
830 3053 855 3108 si
872 3070 899 3108 n.
918 3057 960 3107 A·
981 3053 991 3122 n
1012 3057 1045 3107 16

81 3123 1046 3211 <boel>1toss19meum.ttjttdelietonuwimperetoltjt

82 3207 118 3258 9⁸
137 3203 284 3272 optaturus
303 3205 362 3268 AB,
382 3215 451 3256 corr.
462 3199 505 3254 Ro
519 3200 529 3269 lt
542 3199 583 3253 rte
600 3197 746 3254 blanditur
759 3200 855 3253 tomen
868 3194 976 3251 artioni
989 3198 1046 3262 ΔΡ,

82 3272 125 3330 ite
141 3275 238 3328 tomen
255 3272 400 3328 blanditur
417 3270 524 3326 sotioni
540 3274 577 3338 B,
605 3286 674 3326 corr.
693 3268 738 3324 Ro
760 3272 771 3340 t
792 3274 827 3323 29
845 3266 987 3348 iuditium·
999 3270 1024 3318 Δ
1038 3265 1048 3337 tl

83 3351 190 3402 28-‘29
209 3344 251 3400 ite
273 3344 312 3399 bl.
335 3347 447 3413 tomen,
473 3359 507 3397 oo
529 3342 552 3397 si
575 3359 632 3397 non
655 3340 800 3396 inhibente
829 3354 874 3394 me
901 3339 1046 3419 rudrornm,

82 3417 180 3487 eredo,
204 3434 273 3472 rem.
300 3416 375 3472 esset
398 3421 446 3471 eto.
473 3414 543 3483 Otr,
572 3416 603 3468 ut
620 3413 764 3468 blanditur
782 3414 878 3468 tumen
896 3409 1049 3466 effeetronr.

79 3489 206 3555 libenter,
225 3487 339 3554 iudices,
360 3487 457 3544 oredo:
475 3505 544 3545 rem.
566 3488 611 3546 est
629 3485 685 3546 Sele
