2386 3816
141 150 206 215 334
498 147 727 214 QUINTILIANI

140 313 271 396 repetiti
304 316 380 375 sunt
411 311 581 378 cruciatus.
631 311 840 376 manifestum
868 315 918 375 est
947 311 1104 376 infelicis-

140 402 241 466 simae
272 400 412 464 feminae
435 400 570 483 factum,
597 399 743 464 futurum
766 403 802 464 ut
824 399 950 464 tamdiu
974 403 1107 485 torque·

139 493 242 572 retur,
270 488 423 574 quamdiu
445 489 531 553 idem
554 489 699 554 dixisset.
744 510 805 574 ego
828 493 939 553 tamen
961 488 1013 552 illi
1036 511 1105 555 nou

139 578 276 642 irascor:
309 577 386 642 dum
418 578 545 663 aliquid·
573 579 704 660 virium,
736 577 814 641 dum
846 576 968 661 aliquid
1003 578 1106 643 animi

104 665 214 749 afuit,
241 666 473 750 perseveravit3
505 688 573 731 non
604 670 654 731 est
680 667 715 730 in
742 665 946 731 mendacium
980 671 1105 752 coacta,

139 755 203 819 nisi
222 755 372 820 moriens.
414 755 518 820 victor
536 755 588 819 his
607 754 779 819 tormentis
797 754 881 819 nihil
901 755 989 819 aliud
1009 777 1106 839 quae·

138 843 274 909 rendum
303 844 443 927 putavit,
471 842 556 908 nihil
585 843 756 908 dubitavit.
801 844 835 907 in
863 847 1027 908 tormenta
1052 843 1105 929 (ut

138 933 328 1016 parcissime
357 929 506 1017 dixerim)
536 932 629 1016 paria
655 953 722 996 nou
749 931 887 998 vindico.
931 931 988 996 sed
1010 953 1106 1017 rogo,

138 1024 175 1085 ut
201 1020 263 1085 hoc
296 1020 403 1085 velitis
432 1020 594 1104 pertinere
617 1024 747 1086 tantum
771 1020 811 1085 ad
834 1020 937 1104 ipsius
961 1042 1104 1086 causam.

88 1130 121 1178 10
206 1108 328 1174 Filium
351 1111 450 1174 matri
474 1110 603 1175 vindico
627 1113 741 1175 eontra
768 1130 856 1191 eum,
879 1109 935 1193 qui
958 1131 1104 1175 asserere

140 1199 249 1282 coepit
267 1219 380 1283 nuper.
416 1200 492 1264 ante
516 1198 626 1263 omnia
649 1197 854 1283 intellegitis,
877 1197 1008 1282 iudices,
1032 1199 1104 1263 nul-

139 1285 207 1350 lum
237 1308 318 1351 onus
346 1287 547 1370 probationis
579 1288 620 1352 ad
649 1309 701 1351 me
730 1286 899 1371 pertinere.
944 1287 1105 1370 iuvenem,

139 1373 178 1439 de
202 1396 265 1457 quo
290 1376 415 1458 agitur,
446 1397 518 1440 cum
539 1375 603 1441 hoc
625 1376 759 1440 homine
781 1376 949 1441 inventum
971 1397 1030 1458 per
1052 1380 1105 1442 tot

142 1483 261 1544 annos,
290 1464 345 1546 qui
370 1463 410 1527 ad
433 1464 603 1528 robustam
626 1486 728 1548 usque
757 1467 898 1528 aetatem
926 1463 1103 1546 perducere

89 1571 121 1619 15
142 1572 215 1615 eum
246 1551 299 1631 [de
328 1572 391 1635 quo
420 1551 602 1636 litigamus]
631 1556 821 1636 potuerunt,
844 1575 1025 1638 numquam
1049 1554 1104 1618 du-

139 1639 286 1704 bitatum.
332 1640 439 1704 dicam
462 1661 548 1706 nunc
575 1661 636 1726 ego
663 1641 734 1725 illa,
758 1663 841 1726 quae
864 1642 989 1707 leviora
1012 1647 1102 1709 sunt:

138 1729 252 1813 nupsit
276 1733 309 1794 et
332 1730 499 1813 concipere
521 1729 652 1812 potuit?
680 1731 780 1795 immo
803 1730 868 1795 nisi
892 1732 1104 1814 concepisset,

140 1840 207 1883 non
231 1818 420 1883 credidisset
442 1818 493 1883 illi
515 1820 663 1884 maritus.
691 1823 800 1885 totum
822 1820 923 1903 igitur
947 1841 1030 1885 onus
1053 1842 1102 1884 re·

138 1907 262 1972 dundat
300 1907 340 1972 ad
377 1907 538 1973 diversam
575 1911 710 1992 partem.
761 1907 964 1974 adversarius
997 1908 1102 1972 multa

85 2015 118 2063 2ο
139 1996 281 2078 probare
302 2017 432 2061 necesse
454 1997 564 2080 habet,
588 1997 741 2063 habuisse
764 2019 799 2061 se
821 2018 966 2081 uxorem,
990 2019 1102 2062 conce-

137 2085 224 2167 pisse
249 2106 383 2149 uxorem
407 2107 513 2169 suam,
538 2087 713 2171 peperisse,
735 2087 902 2167 ma[t]rem
925 2087 1102 2170 peperisse,

136 2193 174 2235 eo
198 2175 359 2255 tempore,
388 2174 473 2257 quod
497 2175 538 2239 ad
561 2178 702 2239 aetatem
725 2174 808 2258 eius,
838 2174 876 2238 de
900 2196 963 2259 quo
987 2175 1101 2261 litiga-

135 2281 220 2343 mus,
252 2266 423 2346 congruat,
450 2262 628 2347 peperisse,
655 2264 842 2348 exposuisse
867 2262 955 2347 <se>,
979 2264 1100 2329 vixisse

135 2349 331 2435 expositum,
369 2350 410 2415 ab
443 2351 524 2434 hoc,
562 2373 581 2416 a
613 2372 677 2435 quo
711 2352 843 2436 repetit,
881 2373 951 2417 esse
990 2352 1100 2418 subla·

81 2455 115 2505 ao
134 2441 205 2502 tum
242 2444 300 2503 out
335 2443 449 2504 contra
487 2440 667 2506 subiectum
703 2441 745 2505 ab
774 2440 853 2524 hac,
890 2441 986 2525 quod,
1019 2441 1099 2525 (ut)

133 2527 327 2612 praetendit,
360 2532 416 2593 aut
444 2529 566 2593 sterilis
594 2528 707 2614 fuerit,
733 2533 789 2594 aut
811 2529 859 2613 id,
891 2529 979 2613 quod
1002 2551 1099 2615 pepe·

201 2724 217 2774 ὅ
240 2718 269 2773 in
294 2735 343 2774 om.
363 2725 387 2773 Δ
400 2723 439 2791 ΗΒ
458 2722 526 2792 non]
550 2719 632 2776 nobis
651 2721 719 2787 Solu
737 2738 786 2776 uec
803 2722 872 2776 milri
888 2722 972 2776 umba
990 2721 1020 2776 in
1039 2723 1097 2776 tor-

129 2794 268 2844 menta-
280 2789 393 2845 vindico
412 2808 484 2847 caua
501 2794 645 2858 videntum
662 2793 727 2858 fort.
738 2792 835 2846 *nihil
848 2792 991 2847 dubitavit
1004 2794 1093 2848 ultra:

128 2862 224 2914 tamen
244 2863 280 2929 (u.
301 2879 327 2930 p.
348 2863 385 2932 d.)
404 2880 431 2931 p.
451 2863 533 2918 nobis
552 2864 625 2918 vind.
640 2864 650 2933 ll
665 2869 696 2916 11
717 2881 806 2932 nuper
823 2879 874 2917 om.
895 2867 915 2914 B
934 2863 1096 2932 liudicium

129 2934 151 2983 Δ
174 2933 183 3000 ΙΙ
208 2936 239 2984 15
265 2930 314 3002 [de
338 2948 392 2999 quo
418 2932 574 3006 litigamus]
600 2934 655 2990 Scia
676 2935 686 3003 l
709 2941 741 2989 16
761 2932 889 3008 *<filium
916 2951 976 2989 csse
995 2933 1096 3007 illius)

128 3018 279 3070 numquam
304 3002 463 3058 dubitatum
483 3005 518 3075 (7)
537 3008 547 3075 ΙΙ
567 3011 671 3060 16-17
691 3004 917 3072 dubitaturus,
936 3021 1006 3060 corr.
1026 3006 1097 3072 Solu

127 3072 263 3141 numquid
282 3072 443 3128 dubitatur?
464 3074 521 3130 Θῦν
543 3076 553 3145 ss
576 3081 681 3130 17—18
708 3092 784 3131 cono.
808 3092 946 3132 novercae
970 3094 1028 3131 non
1046 3082 1067 3130 B
1085 3076 1096 3149 ΙΙ

127 3149 232 3198 18-19
259 3143 317 3198 red.
337 3139 452 3199 adisam
496 3188 502 3201 .
527 3151 548 3199 B
571 3149 580 3214 ll
605 3153 639 3201 20
663 3163 693 3202 se
717 3163 767 3202 om.
792 3152 832 3200 Ab
855 3149 865 3218 ΙΙ
887 3153 921 3200 21
944 3147 1094 3219 ma[t]rem

127 3215 166 3270 Pc'
187 3217 197 3286 ΙΙ
220 3221 254 3269 22
273 3231 328 3284 quo
346 3219 367 3267 B
386 3217 396 3286 l
414 3220 448 3270 23
467 3164 539 3290 (pse)
557 3218 623 3286 R⁰ll
642 3224 676 3273 26
696 3220 725 3273 et
743 3222 803 3286 AB,
822 3235 891 3273 corr.
911 3218 988 3287 Solon
1007 3219 1094 3273 sub·

125 3285 230 3342 ieotri
253 3292 276 3339 Δ
295 3287 304 3356 ΙΙ
327 3292 361 3340 26
380 3288 508 3356 procedit
525 3294 546 3340 Β
568 3291 578 3358 ΙΙ
600 3295 706 3344 25-26
722 3291 762 3345 ab
781 3291 834 3344 hac
852 3288 928 3358 quod
946 3289 1094 3358 praecedit

125 3359 175 3412 aut
194 3359 258 3413 ster.
274 3363 321 3412 cto.
336 3363 395 3426 Aa,
415 3375 484 3413 corr.
498 3358 558 3424 Ro;
576 3362 639 3427 fora.
650 3361 712 3415 *ab
731 3360 793 3429 hac,
812 3377 892 3430 quae,
912 3360 988 3429 quod
1008 3377 1094 3431 prae-

113 3427 199 3495 cedit,
221 3431 275 3485 aut
293 3435 342 3487 etc.
356 3432 369 3503 l!
379 3430 526 3505 pepererit
542 3435 564 3486 B
