2386 3816
368 172 689 270 nassamones.
708 171 849 230 eccum.
1019 172 1086 242 263

114 338 195 405 cas?
229 337 343 422 ecquid
365 338 439 422 scis,
463 337 541 421 quid
562 337 662 421 paulo
685 339 761 402 ante
783 337 906 404 fueris?
942 359 1029 404 nune
1052 342 1086 404 te

113 426 342 494 circumfluens
371 425 521 510 pecunia,
548 446 634 490 nune
661 426 727 490 ista
749 427 914 512 mancipia
937 428 971 492 et
993 427 1085 512 quid·

112 514 198 602 quid
222 515 381 601 quaesisti
403 514 522 580 scelere
545 513 719 580 ditabunt?

201 602 374 671 Venenum
407 604 496 668 dicor
527 601 656 669 dedisse
687 602 722 668 in
754 623 834 678 cena
866 623 948 668 mea.
994 625 1013 670 o
1038 604 1084 669 dii

115 693 335 763 immortales!
368 695 439 758 erat
464 691 595 777 quidem
621 691 791 758 honestius
814 691 873 756 illa
896 689 1120 759 defensiones

114 780 315 867 patrocinari
351 802 469 848 causae
506 801 610 846 meae:
646 802 806 846 sensnm
843 779 964 864 aliquis
999 781 1085 846 inter

114 873 202 937 lares
230 892 321 952 suos,
352 870 438 936 inter
466 891 561 936 sacra
587 891 731 952 mensae,
763 869 928 935 coronatis
961 869 1085 954 pariter

111 981 199 1044 quos
223 958 409 1025 colebamus
428 957 491 1023 diis
509 959 761 1043 immortalibus,
785 979 946 1024 venenum
963 958 1084 1043 aliquis

114 1048 232 1113 hilaris
254 1046 353 1112 hilari
376 1046 486 1113 dedit?
529 1068 596 1114 non
617 1046 681 1112 hoe
703 1049 811 1131 ipsum
834 1046 966 1113 obstitit
988 1068 1085 1112 cona·

110 1137 205 1202 tibus
228 1136 318 1220 meis,
340 1136 425 1221 quod
447 1157 512 1201 uon
536 1135 749 1202 credebatur?
781 1156 944 1202 venenum
963 1135 1082 1220 aliquis
1104 1151 1137 1201 ιο

111 1223 348 1292 circumstante
369 1224 506 1309 familia,
524 1224 750 1310 praesentibus
769 1223 959 1289 ministeriis
982 1224 1084 1307 daret,

110 1314 307 1380 foedaturus
322 1314 479 1381 contiuuo
497 1312 652 1380 cadavere
671 1313 753 1379 illud
767 1312 952 1380 convivium
966 1311 1083 1379 suum?

111 1405 155 1468 ut
171 1423 286 1468 severa
302 1402 398 1469 nobis
422 1403 602 1488 antiquitas
625 1401 773 1486 tradidit,
794 1401 933 1468 infestos
956 1401 1082 1468 animos

111 1491 287 1576 placavere
314 1512 459 1576 mensae,
486 1495 520 1557 et
545 1490 709 1571 homines,
736 1491 793 1578 qui
814 1490 901 1557 inter
924 1513 959 1557 se
982 1492 1082 1557 armis

107 1582 214 1665 atque
242 1579 436 1647 exercitibus
465 1580 693 1665 conflixerant,
723 1579 789 1646 tuti
816 1583 927 1646 tamen
954 1581 1082 1646 iacuere
1102 1595 1135 1645 15

111 1668 223 1734 media
245 1690 343 1734 cenae
365 1669 438 1735 fide.
471 1667 525 1735 Sic
547 1669 676 1735 defendi
698 1669 834 1734 decebat
850 1669 1083 1735 innocentiam.

110 1757 174 1823 sed
196 1762 355 1842 quatenus
378 1761 545 1843 tamquam
568 1757 706 1841 maligni
728 1756 901 1842 loquimur,
925 1761 1083 1841 quatenus

111 1850 285 1930 tamquam
313 1848 469 1932 suspecti,
498 1848 535 1911 in
557 1845 746 1930 praesentia
768 1843 917 1928 seponite
940 1848 1084 1911 mentem

112 1956 237 2020 meam,
261 1936 406 2020 seponite
429 1934 680 2016 fraternitatem,
704 1933 851 2019 seponite
875 1936 952 1998 ante
976 1934 1083 1998 actam

112 2023 227 2090 vitam.
267 2027 436 2109 tamquam
459 2023 498 2088 de
522 2022 707 2104 venefic[i]o
731 2022 856 2107 loquar.
884 2042 947 2106 quo
972 2020 1079 2088 minus
1100 2037 1135 2086 20

112 2113 198 2197 loco,
220 2134 285 2198 quo
308 2111 414 2179 minus
437 2115 585 2196 tempore
609 2110 685 2176 dare
708 2109 802 2176 fratri
824 2131 897 2176 meo
916 2109 1082 2176 debuerim

113 2200 299 2268 venenum?
335 2222 440 2286 neque
469 2200 557 2266 enim
584 2200 756 2285 quisquam
783 2197 925 2283 dubitat,
953 2197 1084 2281 iudices,

113 2290 195 2374 quin
217 2288 358 2356 faciendi
381 2290 512 2356 sceleris
530 2288 701 2355 consilium
724 2309 792 2355 nou
811 2309 909 2354 unam
928 2288 1014 2354 viam
1035 2288 1083 2352 in·

110 2382 262 2463 tueatur,
287 2381 326 2444 ut
353 2378 396 2445 ad
422 2401 583 2444 summam
612 2377 751 2463 cogitati
778 2376 985 2460 ineobatique
1012 2397 1084 2461 per·
1144 2402 1152 2419 ·

113 2467 237 2551 veniat,
270 2468 327 2532 sed
354 2466 447 2534 illam
475 2468 628 2547 alteram,
659 2465 711 2533 vel
734 2465 839 2551 magis
862 2462 1082 2530 necessariam
1102 2479 1135 2529 25

114 2559 149 2622 et
171 2578 255 2641 quae
277 2556 409 2640 penitus
430 2557 468 2629 in
489 2555 745 2642 cogitationibus
764 2552 890 2638 sedeat,
912 2556 951 2618 ut
978 2550 1082 2619 scelus

113 2644 202 2737 quod
225 2644 390 2711 commisit
416 2650 523 2731 neget
568 2665 729 2711 venenum
752 2643 807 2708 do:
841 2645 874 2708 et
896 2641 982 2707 unde
1006 2642 1083 2726 scio,

112 2755 157 2799 an
194 2733 354 2799 exhausta
389 2733 522 2818 potione
560 2734 674 2800 statim
706 2729 877 2799 concidat?
919 2728 1010 2797 venit
1042 2729 1082 2796 ad

187 2961 292 3018 lhaeo
311 2960 379 3032 quid
397 2965 432 3031 Δ,
452 2960 482 3014 et
499 2958 608 3029 quidB
635 2961 646 3028 fl
672 2958 816 3028 aquina
840 2959 850 3028 ΙΙ
873 2957 1012 3028 saliquts
1031 2973 1083 3013 om.

113 3035 135 3085 B
159 3033 168 3101 ΙΙ
192 3033 277 3088 8des
296 3037 348 3101 Aa,
377 3030 421 3087 dis
439 3034 480 3084 ab
498 3033 508 3101 i
527 3037 543 3086 9
562 3030 671 3101 hylaris
689 3029 822 3102 hylariB
846 3031 855 3100 i
881 3035 912 3085 12
941 3029 976 3084 in
1005 3045 1084 3084 con·

113 3102 208 3158 virio
232 3102 306 3158 dari
334 3119 464 3159 venena
488 3119 553 3157 non
581 3118 682 3173 posse
705 3105 729 3155 Δ
752 3103 773 3227 p
793 3101 926 3157 continuo
955 3115 1006 3155 oea
1035 3100 1084 3155 de·

113 3191 179 3229 vere
207 3178 247 3226 aa
273 3177 283 3245 ΙΙ
313 3181 345 3230 13
365 3173 463 3231 ‚tradit
488 3178 509 3226 B
532 3173 542 3243 fl
564 3173 667 3228 infesto
694 3176 751 3226 B·-
794 3173 805 3244 Ι
829 3178 862 3228 1⁶
890 3169 1085 3226 conduxerunt

114 3249 134 3297 B
158 3247 168 3314 fl
190 3245 253 3301 tute
270 3245 387 3315 Aa‚,uti
405 3249 459 3313 ab,
476 3246 539 3299 tute
558 3244 600 3300 ita
616 3247 638 3297 Β
656 3245 667 3316 fl
686 3250 719 3300 lt
737 3243 808 3298 fides
826 3248 846 3296 B
873 3245 883 3312 d
911 3239 1025 3297 dicebat
1044 3241 1085 3313 Bit

114 3321 149 3371 20
172 3315 262 3372 vitam
285 3321 408 3387 quamn
436 3319 446 3385 Ι
474 3316 609 3372 veneficio
632 3316 733 3398 loquor
757 3318 821 3381 AB,
850 3329 919 3369 corr.
938 3311 983 3367 Ro
1011 3314 1021 3382 ΙΙ
1048 3314 1084 3366 21

113 3387 217 3442 darie
240 3390 250 3457 Ι
271 3388 347 3458 patri
365 3392 406 3442 Aa
451 3393 485 3442 23
504 3386 554 3455 qui
571 3385 758 3443 insumendis
776 3401 812 3440 sc.
832 3386 877 3454 ΕΙ
896 3381 1003 3441 scelera
1020 3386 1085 3452 ΑΒ,

113 3473 184 3515 corr.
205 3458 476 3527 &daemonas
