2386 3816
322 170 642 231 DECLAMATIONES.
663 175 762 233 COXG.
831 187 834 191 '
961 182 1024 247 159

66 351 141 416 gens
157 333 239 398 mihi
253 334 295 400 ab
311 337 418 401 aetate
432 337 538 421 prima
551 338 650 403 fuerit
663 344 767 425 pater,
786 342 871 426 quod
885 343 1025 410 fortasse

64 422 160 488 etiam
184 423 366 509 corruperit
383 446 492 491 mores
510 448 615 511 meos,
636 450 697 494 nec
719 429 815 495 illud:
840 453 929 497 error
947 433 1024 498 adu-

60 511 244 598 lescentiae,
261 513 340 578 boec
359 514 477 580 aetatis
496 520 623 582 natura.
651 518 853 584 luxuriosum
870 522 1024 606 putet<e>

59 599 176 666 tuisse:
191 621 252 687 ego
261 605 374 668 tamen
388 603 637 689 insanus<non>
647 628 746 692 eram,
761 610 794 673 et
804 607 1023 676 defendendus

59 689 199 776 quidem,
223 689 252 756 si
274 691 551 759 contradixissem.
590 694 646 760 sad
669 700 950 779 perseveraturum
969 722 1023 783 pa·
1042 716 1059 767 5

56 783 142 844 trem
161 779 327 866 negabant
344 781 533 868 propinqui:
554 783 599 849 sie
613 783 737 849 fectum
751 789 810 868 est,
828 790 865 852 ut
879 785 1025 853 dolorem

59 868 192 935 silentio
219 890 413 954 premerem,
441 871 496 956 qui
524 871 633 937 clusus
662 877 758 958 atque
786 875 873 939 intra
901 877 1024 960 cogita·

55 957 168 1024 tiones
203 963 352 1042 receptus
380 959 519 1026 abstulit
545 965 696 1027 mentem.
743 967 885 1029 ceterum
913 970 1024 1030 tamen

58 1046 105 1132 (si
127 1069 241 1113 verum
264 1049 401 1114 velimus
424 1048 528 1136 loqui)
552 1051 733 1132 tmutua†
755 1052 829 1117 fuit.
866 1075 947 1137 quas
969 1054 1024 1118 hic

58 1157 122 1222 ego
150 1137 237 1220 patri
267 1138 391 1223 gratias
416 1138 534 1223 agam?
566 1138 696 1205 reduxit
718 1162 770 1205 me
792 1163 858 1206 non
882 1143 1023 1208 sentien-
1044 1161 1078 1210 lo

56 1228 141 1312 tem3
164 1225 312 1292 adhibuit
335 1248 454 1310 euram,
477 1227 639 1293 laborem:
662 1230 816 1295 miserum
839 1233 904 1296 mel
930 1253 1022 1296 sana·

55 1318 114 1380 tus
133 1337 214 1381 sum.
246 1337 339 1382 sacra
357 1316 533 1401 maiorum,
552 1316 629 1382 deos
651 1321 784 1402 penates
798 1341 865 1385 non
879 1321 1022 1385 sentiens

56 1403 163 1469 tenui:
176 1426 272 1470 nemo
282 1406 391 1490 <non>
400 1405 584 1490 gratulatus
599 1410 648 1471 est
662 1408 852 1474 amicorum:
870 1431 955 1474 nunc
971 1432 1023 1474 ex-

56 1492 165 1578 pellor
183 1494 385 1578 resipiscens.
415 1494 535 1578 felices,
554 1496 610 1580 qui
624 1500 764 1579 possunt
777 1498 866 1563 omni
880 1499 949 1563 vita
964 1521 1024 1564 sua

56 1582 249 1666 parentibus
273 1583 394 1649 dicere:
418 1582 518 1668 »quid
539 1583 646 1650 fecii«
669 1585 774 1651 dicam
797 1590 922 1652 tamen:
945 1587 1023 1670 quid
1043 1604 1076 1653 15

56 1675 176 1756 postea
194 1670 278 1738 feci?
302 1673 330 1737 si
343 1673 471 1738 luxuria
484 1673 691 1740 intolerabile
705 1676 838 1759 malum,
856 1677 1022 1762 ignovisti.

126 1760 229 1847 „Egm
251 1761 367 1846 inquit,
389 1765 432 1847 te,
455 1762 611 1847 quoniam
630 1762 760 1828 demens
780 1786 863 1848 eras,
882 1763 1023 1830 reduxi.“

57 1850 117 1916 ubi
145 1850 238 1934 estis,
271 1851 328 1936 qui
354 1872 406 1915 me
432 1851 600 1936 putabatis
635 1851 820 1916 infelicem?
859 1872 919 1937 ego
946 1873 1022 1917 vcro
1103 1852 1111 1869 '

59 1938 243 2005 dementiae
272 1939 396 2025 gratias
425 1960 503 2025 ago:
529 1960 597 2005 non
620 1939 748 2026 quidem
772 1938 1023 2005 sollicitudinem

57 2029 164 2114 patris
188 2029 284 2113 sensi,
307 2023 364 2095 sed
385 2051 445 2095 nec
469 2027 716 2095 abdicationem.
752 2028 830 2113 quid
849 2028 931 2093 mihi
950 2050 1023 2094 cum
1041 2046 1076 2095 20

58 2122 129 2183 tam
152 2118 256 2184 veloci
274 2117 441 2183 remedio?
464 2123 558 2204 pater
577 2118 707 2201 optime,
729 2117 830 2183 fallax
844 2117 909 2183 ista
928 2119 1023 2184 velox

60 2206 230 2273 medicina.
263 2227 324 2292 ego
348 2208 424 2291 scio,
447 2229 528 2293 quos
553 2206 654 2271 animi
676 2211 784 2273 aestus
802 2207 891 2272 intus
910 2207 1023 2273 feram.

59 2296 164 2380 crede,
171 2299 272 2383 pater,
286 2297 353 2361 iam
368 2296 496 2381 aliquas
505 2296 724 2381 <dis>similes
739 2318 847 2362 rerum
862 2296 1022 2382 imagines

59 2385 165 2452 video.
217 2385 301 2451 redit
333 2385 434 2471 igitur
466 2385 645 2450 dementiae
672 2387 763 2470 prior
785 2405 891 2450 causa.
924 2406 1023 2468 quare

59 2474 152 2559 mihi,
172 2475 199 2539 si
217 2496 284 2540 non
302 2474 343 2539 ad
361 2495 515 2559 praesens
533 2477 673 2559 tempus,
692 2474 732 2539 ad
751 2474 895 2539 futurum
912 2475 1022 2537 tamen
1042 2489 1076 2539 25

59 2563 225 2650 rogandus
249 2586 292 2629 ee.
329 2585 488 2646 succurre,
512 2564 567 2648 qui
590 2563 683 2628 soles.

132 2763 148 2812 2
168 2758 315 2827 corriperit
326 2761 367 2809 Ab
390 2758 400 2826 n
422 2762 505 2812 auec
518 2760 578 2825 AB,
597 2772 666 2812 corr.
681 2755 726 2812 Ito
739 2757 749 2825 ΙΙ
776 2753 916 2828 putet<e>
925 2755 969 2810 Ro
983 2758 992 2826 ΙΙ
1007 2762 1023 2810 4

59 2827 160 2906 <ncn>
176 2829 245 2895 Sero
264 2828 402 2902 [in]sanus
417 2828 473 2894 θη·
491 2829 538 2884 ced
554 2829 670 2896 fortasse
688 2832 797 2882 cecato
814 2828 938 2882 codicum
955 2828 1023 2882 ecri-

55 2909 148 2974 ptara
166 2901 321 2971 croadam.-
339 2900 427 2954 luxur.
442 2901 526 2969 putat
538 2899 638 2954 fuisse:
658 2914 711 2969 ego
729 2900 798 2953 tam.
814 2898 928 2953 insanus
947 2915 1024 2953 eram

60 2980 109 3032 etc.
128 2976 138 3056 u
157 2978 172 3027 '1
191 2987 317 3042 premere
334 2975 355 3024 A
378 2975 388 3041 l
410 2970 583 3042 cogitatione
600 2975 633 3038 A,
652 2968 853 3040 cogitationem
871 2973 892 3021 B
914 2971 925 3039 ΙΙ
947 2973 963 3023 8
982 2985 1024 3024 re·

61 3048 153 3117 ceptis
170 3045 235 3114 Aen
252 3042 386 3099 abstuleit
405 3047 428 3095 A
449 3045 459 3112 ΙΙ
482 3044 598 3098 9mutu
614 3046 669 3110 Aa,
697 3042 791 3096 motus
809 3044 843 3111 B,
870 3039 948 3096 mitis
966 3040 1025 3105 ao,-

60 3121 221 3187 eccpeetotur
247 3114 353 3170 *saluti
379 3116 420 3169 cel
448 3116 610 3184 exoptatum
637 3111 692 3167 fuit
718 3114 759 3167 ccl
781 3113 864 3168 etiem
886 3128 942 3168 non
965 3114 1025 3166 tam

60 3189 148 3244 miser
165 3186 229 3256 fuill
248 3193 282 3242 10
301 3186 435 3241 sencitem
452 3190 476 3238 A
496 3188 506 3255 11
528 3192 560 3240 11
580 3183 691 3239 adibuit
708 3188 755 3237 Aa
768 3185 778 3252 ΙΙ
792 3190 824 3238 13
843 3182 941 3266 (non)
959 3183 1004 3238 Fr

62 3267 95 3317 17
115 3257 253 3316 reduxisti
269 3260 333 3328 Act
348 3263 381 3312 1⁵1
400 3257 518 3327 patiaris
535 3261 613 3310 A-1’
626 3256 636 3325 ll
650 3260 684 3310 21
702 3256 734 3310 ta
746 3259 770 3307 A
784 3257 793 3325 ΙΙ
807 3255 900 3310 fallrta
917 3255 1011 3309 istan

62 3340 97 3389 23
117 3331 178 3386 sim.
198 3348 291 3386 rerum
310 3328 394 3399 imag.
412 3333 449 3398 A,
478 3329 538 3385 sim.
558 3329 643 3399 imag.
662 3330 697 3394 B,
716 3342 785 3383 corr.
804 3326 862 3393 Ro,
881 3327 929 3396 qui
942 3342 1025 3395 proe-

61 3412 137 3462 tereo
161 3403 276 3459 coniecit
299 3399 405 3455 similes
423 3398 547 3471 priorum
564 3400 651 3470 imag.
673 3401 684 3469 ΙΙ
707 3404 742 3452 24
759 3397 868 3453 reditur
886 3398 960 3451 dem.
978 3401 1030 3463 Aa,
1064 3427 1071 3448 .

60 3475 138 3533 redit
154 3475 255 3529 iterum
275 3472 344 3528 dem.
363 3472 419 3528 Sca
430 3474 444 3544 ΙΙ
456 3478 489 3530 26
509 3489 565 3546 que
583 3475 625 3528 Aa
