2386 3816
168 163 234 228 370
531 155 762 224 QUIN'HLIANI

168 331 203 392 et
248 323 487 409 diligentiorem
533 343 642 386 rerum
682 320 929 404 inquisitionem
971 322 1133 388 securitas

168 415 282 481 babet:
304 434 372 478 non
395 414 492 477 vacat
509 410 544 474 in
563 409 649 475 bello
670 430 780 474 euram
799 429 896 493 agere
916 411 1133 496 singulorum.

169 504 210 570 ad
237 503 321 567 hanc
348 500 509 566 rationem
539 499 663 564 accedit
684 498 765 563 illud
789 521 932 583 quoque,
965 501 1049 584 quod
1075 501 1133 564 ad-

169 592 357 657 ministrare
380 611 446 654 non
468 592 577 671 potest
599 587 732 670 bellum,
752 587 819 652 nisi
840 592 968 654 tantam
986 593 1134 672 potesta·

134 684 236 746 atem
268 679 418 745 habuerit
445 677 632 761 imperator.
673 678 724 742 tot
751 676 843 740 milia
870 679 1134 761 conscriptorum

169 770 311 835 militum
338 769 374 832 in
403 766 506 832 aciem
534 766 689 848 educere,
707 765 878 848 adsignare
902 768 975 832 loca
997 768 1132 833 interim

168 859 363 942 periculosa,
386 855 523 920 tuendos
548 854 647 938 cives,
671 855 888 939 expugnanda
910 856 1052 922 hostium
1079 879 1133 922 ca-

170 947 281 1029 stella,
310 967 378 1010 non
402 945 512 1027 potest
542 944 613 1009 sola
640 943 740 1008 ratior
778 964 859 1027 opus
888 949 938 1010 est
966 950 999 1010 et
1032 950 1134 1010 metu.

169 1035 268 1120 quid?
284 1036 310 1099 si
321 1034 475 1120 pleraque
487 1031 645 1116 accidunt,
664 1032 698 1096 in
712 1033 830 1117 quibus
844 1035 1011 1119 praesenti
1024 1057 1133 1118 poena

115 1139 149 1189 10
169 1124 330 1208 castigare
352 1143 484 1188 neeesse
506 1125 556 1186 est
575 1143 639 1203 eos,
658 1121 713 1205 qui
730 1122 968 1204 peccaverunt?
991 1123 1133 1189 adhaec

168 1214 270 1298 igitur
300 1212 409 1277 omnia
430 1210 600 1294 provisum
623 1215 722 1294 atque
742 1211 978 1293 †prolatum†
1002 1217 1065 1296 est,
1095 1219 1133 1278 ut

168 1302 381 1384 imperator
405 1321 588 1364 summam
611 1303 849 1382 potestatem
872 1300 1040 1366 haberet.

236 1389 320 1464 Quid
344 1394 453 1454 tamen
475 1411 495 1452 a
516 1387 612 1454 nobis
636 1388 720 1472 exigi
744 1389 897 1471 oportet?
929 1391 1050 1455 bonam
1074 1414 1131 1456 vo-

168 1478 338 1542 luntatem.
384 1477 560 1541 erraverim
587 1498 679 1541 sone:
712 1478 740 1541 si
773 1478 807 1541 id
835 1479 915 1543 satis
942 1480 1132 1562 probationi

115 1581 149 1632 15
169 1566 366 1648 existimavi,
394 1566 423 1629 si
449 1564 512 1628 hoe
541 1565 581 1630 ad
603 1565 781 1631 utilitatem
804 1567 947 1632 civitatis
967 1571 1131 1650 pertinere

169 1653 304 1720 credidit
333 1655 404 1738 quis
433 1653 637 1719 damnaverit
665 1676 753 1738 eum,
781 1656 836 1740 qui
864 1656 988 1722 duabus
1017 1662 1131 1740 poten-

168 1743 305 1808 tissimis
329 1744 425 1808 rebus
450 1742 641 1826 defenditur,
663 1744 732 1808 iure
757 1747 790 1809 et
811 1745 942 1811 mente?

236 1832 343 1910 Quid?
368 1833 397 1896 si
420 1833 519 1896 etiam
541 1832 626 1897 ratio
646 1833 709 1897 hoo
726 1833 866 1898 faciendi
885 1834 956 1900 fuit.
990 1836 1131 1901 forsitan

168 1926 201 1986 et
228 1922 316 1986 lente
346 1926 378 1986 et
409 1922 544 1986 nimium
576 1921 755 2004 periculose
783 1922 928 2006 fecerim,
961 1925 1046 2007 quod
1079 1947 1131 1989 su-

114 2027 149 2076 20
168 2016 295 2094 spectes
315 2010 509 2093 proditionis
526 2013 655 2075 tantum
668 2010 703 2075 in
717 2032 877 2076 carcerem
891 2012 963 2076 duci
976 2012 1058 2078 iussi
1072 2038 1131 2079 -τ

169 2100 251 2163 nihil
271 2120 411 2183 egeram,
429 2121 497 2163 non
516 2100 597 2164 satis
616 2099 741 2164 civitati
761 2122 1004 2185 prospexeram:
1022 2103 1131 2169 hostis

168 2187 254 2251 idem
292 2188 437 2271 speravit
468 2211 522 2252 -ε
559 2191 671 2252 tamen
700 2188 763 2254 hoc
794 2211 836 2254 ne
867 2191 908 2254 ab
942 2196 1131 2258 accusatore

169 2277 298 2360 quidem
324 2275 580 2359 reprehenditur.
625 2277 692 2342 iam
719 2277 822 2362 igitur
849 2278 887 2343 de
915 2278 980 2364 his,
1013 2283 1068 2365 qui
1095 2282 1131 2346 in

169 2385 330 2432 carcerem
366 2365 438 2431 duci
471 2364 663 2449 debuerunt,
699 2367 801 2432 levius
835 2370 884 2432 est
924 2370 1130 2454 supplicium,

113 2469 148 2520 25
169 2477 368 2539 quacumque
387 2455 514 2520 ratione
534 2459 699 2538 sumptum
719 2458 777 2522 est.
803 2478 891 2522 nuno
906 2479 1005 2541 quare
1020 2480 1131 2542 sump-

167 2543 259 2608 tum?
283 2544 478 2626 proditionis
502 2544 575 2608 finis
600 2547 698 2629 atque
721 2545 855 2611 effectus
876 2547 982 2611 omnis
1001 2548 1036 2612 in
1055 2569 1129 2631 pro-

167 2635 288 2697 ximam
315 2632 410 2697 nobis
432 2637 560 2697 noctem
585 2633 845 2699 denuntiabatur.
889 2639 970 2718 puta
992 2635 1130 2702 falsum:

168 2722 241 2804 quis
268 2743 336 2785 non
357 2721 500 2807 ignoscit
522 2742 591 2784 rem
613 2724 741 2786 tantam
764 2723 915 2788 timenti?
951 2746 1017 2788 non
1041 2726 1131 2790 enim

167 2807 343 2874 discrimen
369 2831 546 2893 paucorum
570 2809 712 2892 capitum
735 2812 907 2897 agebatur:
936 2835 979 2878 an
1002 2813 1130 2898 aliquid

113 2912 149 2962 ao
167 2901 252 2962 esset
284 2898 365 2962 haec
397 2899 526 2976 civitas,
565 2921 609 2963 an
638 2900 774 2984 templa,
811 2923 854 2966 an
887 2904 1130 2968 vetustissimae

166 2986 340 3069 vestigium
360 2987 475 3052 saltem
494 2987 584 3052 urbis
597 2987 846 3073 relinqueretur,
861 3012 903 3055 an
917 2991 1014 3056 liberi
1027 2993 1131 3058 vestri

239 3167 253 3214 1
273 3161 303 3214 et
320 3177 370 3216 om.
389 3163 463 3231 But
483 3161 559 3231 impr
577 3167 608 3231 Δ,
627 3168 708 3218 oculs
721 3166 761 3235 l8
780 3180 816 3218 no
835 3169 859 3217 Δ
872 3164 882 3236 Ι
897 3171 930 3222 10
948 3168 1133 3235 peccaverint

164 3235 208 3301 ΒΙ]
225 3237 256 3286 13
271 3234 401 3301 oporteat
413 3236 434 3284 B
448 3234 458 3300 ss
470 3232 573 3288 bonam
587 3236 691 3290 bonam
706 3237 751 3304 ΔΙΙ
767 3241 799 3290 19
819 3237 983 3309 meticulose
1003 3237 1040 3308 (ἓ)
1059 3238 1105 3294 Ro
1119 3240 1131 3313 η

167 3309 271 3357 19-20
290 3307 436 3373 suspectus
454 3308 524 3358 Aba
537 3307 547 3374 ΙΙ
561 3311 593 3359 21
614 3305 737 3375 legeram
755 3309 848 3377 31]ῒὸ
868 3302 996 3391 sumptus
1014 3313 1056 3362 Δι
1069 3310 1078 3379 ΙΙ
1092 3316 1130 3366 26

159 3371 185 3446 ll
200 3375 231 3427 ia
249 3391 335 3444 mara
354 3379 377 3428 Δ
394 3379 404 3446 1}
423 3381 456 3430 29
476 3377 626 3447 agebatur
645 3376 823 3452 (agebatur)
833 3395 869 3433 an
883 3377 1015 3449 derasen
1034 3379 1131 3456 (red)

154 3462 193 3500 an
211 3445 342 3517 Schleo
361 3465 422 3506 esse
440 3449 554 3522 Acuti
572 3449 702 3508 norme
910 3448 961 3521 -ἐ,

947 3532 963 3545 'a

903 3522 980 3597 Ἦ

898 3592 983 3639 .’-ῑ’τ;-ῑῑῑ’“ὲὲ·
