2386 3816
489 122 708 219 Pasassuo.
1029 165 1082 221 vu

110 317 195 376 tione
214 313 377 374 temeraria
393 332 519 388 prorsus
533 315 669 392 apparet3
691 313 788 374 veluti
804 317 877 394 189,
895 319 934 377 19
946 335 989 393 sq.
1009 317 1081 377 scri·

111 413 171 474 bit:
195 430 274 490 „non
297 410 425 487 apparui
447 411 473 470 ti
489 411 662 472 biancillam
681 431 742 472 non
760 432 828 474 esse
843 432 904 474 non
923 416 1081 492 tamquam

112 512 245 570 liberare
271 503 447 586 pugnavit.“
493 507 673 585 Saepissime
699 529 803 572 vocem
825 531 916 571 uuam
939 513 989 572 vel
1011 513 1080 589 plu-

112 628 162 668 res
191 607 393 684 praeterierat
415 625 492 683 quas
512 609 620 683 postea
641 608 674 667 in
696 610 798 670 vacuis
822 628 965 671 versuum
988 610 1080 671 inter·

112 708 202 767 vallis
224 706 276 766 vel
297 707 329 765 in
351 705 489 782 margine
513 706 678 784 supplerit3
707 708 815 783 semel,
840 708 892 770 fol.
916 710 958 768 24
981 727 1079 776 verso,

114 803 272 864 dimidium
308 803 437 880 paginae
473 803 506 862 in
541 805 640 865 modic
677 806 903 867 declamationis
938 809 1079 867 contextu

112 903 278 978 transiluit,
300 901 393 962 verba
412 892 454 982 (p.
472 903 544 977 115,
561 905 724 981 17-117,
740 896 796 984 10)
816 900 929 981 ‚,[quis]
949 903 1079 963 miratur

115 1029 154 1043 -
179 1019 243 1060 non
269 995 428 1077 solverit‚“
452 999 560 1076 quibus
587 1001 619 1060 in
645 999 704 1061 fine
731 1003 800 1078 post
825 1001 899 1062 decl.
924 1001 988 1062 388
1011 1019 1079 1076 pro-

112 1098 214 1175 prium
236 1097 373 1158 foliolum
398 1091 472 1178 (88)
494 1097 585 1175 dedit,
609 1098 689 1174 quod
715 1101 854 1174 repetens
877 1099 1012 1174 proxima
1033 1099 1079 1158 in-

112 1197 187 1273 cipit
208 1196 266 1255 ita:
290 1196 376 1272 „quis
397 1196 478 1256 hunc
499 1196 531 1255 in
549 1198 647 1256 matre
665 1195 734 1271 quis
751 1196 880 1254 miratur
898 1192 1077 1256 adfectum.“

112 1295 150 1354 In
172 1293 311 1370 margine
333 1293 400 1353 folii
419 1295 462 1354 24
484 1294 566 1355 versi
584 1293 689 1353 cadem
706 1311 798 1353 manu
817 1292 980 1370 eodemque
999 1296 1079 1353 atra

112 1396 214 1452 mento
244 1391 428 1467 adscriptum
457 1393 534 1452 illud
557 1397 611 1467 ,ὙἼ
640 1391 759 1469 requae
787 1390 819 1451 in
841 1391 931 1450 finem
954 1392 1009 1451 sub
1033 1396 1077 1452 ta-

111 1491 173 1550 lino
206 1481 264 1567 (π
287 1489 344 1548 tali
371 1485 478 1565 notat)
506 1489 551 1570 sag-n
564 1485 591 1551 .“
637 1489 814 1549 Manserant
845 1489 985 1566 lacunae,
1017 1508 1077 1549 non
1169 1525 1177 1540 ι

111 1588 228 1662 nullae,
257 1605 386 1663 quarum
416 1587 577 1664 quaedam,
608 1589 692 1649 velut
719 1606 748 1663 p.
772 1587 850 1660 235,
877 1589 932 1664 293
958 1589 1075 1662 238,8

114 1689 285 1746 ceterorum
306 1684 454 1743 librorum
476 1703 532 1762 ope
555 1688 682 1761 possunt
706 1677 862 1765 expleri.*)

178 1783 280 1843 Etiam
294 1781 402 1842 literae
415 1783 578 1844 verborum
592 1783 763 1860 singulares
781 1783 830 1842 vel
848 1783 950 1859 plures
965 1783 1077 1859 saepis-

113 1881 187 1941 sime
211 1883 362 1941 correctae
380 1879 581 1956 reperiuntur.
618 1880 699 1952 Quas
717 1899 820 1940 omnes
839 1883 1026 1940 correcturas
1046 1884 1077 1940 et

114 1980 323 2055 supplementa
343 1978 398 2037 sub
413 1978 466 2037 Ab
486 1979 573 2056 signo
593 1976 813 2054 comprehendi,
833 1977 919 2054 signo
933 1976 986 2037 Aa
999 1977 1077 2054 prio·

112 2095 178 2136 rem
216 2075 325 2136 codicis
367 2075 548 2153 scripturam
579 2075 691 2136 notavi
737 2074 943 2135 Recentiorem
974 2077 1076 2134 tamen

111 2174 206 2251 illam,
217 2192 320 2251 ,quam
343 2172 377 2232 in
393 2171 507 2233 Seneca
522 2172 690 2234 Bursianus
704 2172 846 2250 dignavit
863 2190 994 2250 manum,
1016 2191 1076 2232 non

110 2271 231 2332 invenio
253 2272 285 2330 in
304 2268 524 2346 Quintilianeia
547 2272 606 2330 nisi
628 2271 708 2348 qnod
730 2271 762 2330 in
782 2287 856 2330 voce
874 2269 1075 2331 adulescentis

111 2389 165 2447 per
188 2387 307 2429 omnem
328 2386 423 2444 mene
449 2368 560 2429 librum
583 2371 751 2429 correctum
769 2368 817 2428 est
834 2388 855 2426 u
878 2370 910 2427 et
931 2367 977 2427 illi
996 2370 1075 2445 quod

111 2469 197 2545 prius
224 2467 372 2542 scriptum
398 2465 500 2525 fuerat
526 2485 544 2526 o
572 2466 809 2544 superscriptum
841 2468 888 2526 est
918 2465 1076 2541 pallidiore

110 2606 325 2616 ———-—-

181 2681 209 2752 ‘)
227 2679 406 2748 Aliquotiens
424 2680 510 2736 mam
529 2681 601 2736 illud
618 2680 734 2737 librario
749 2679 860 2749 accidit
879 2680 913 2733 ut
924 2679 1075 2750 propinqui

110 2753 230 2809 alicuius
257 2750 391 2808 vocabuli
418 2751 464 2807 vel
489 2768 557 2808 sono
583 2755 682 2823 captus
706 2752 752 2808 vel
776 2751 867 2807 literis
889 2750 1074 2821 praestrictus

110 2823 264 2879 mutaverit
286 2822 383 2893 aliqua
406 2824 437 2878 et
458 2824 640 2880 assimilando
658 2822 821 2893 corruperit.
854 2819 991 2892 Exempla
1009 2823 1075 2876 sunt

109 2896 174 2951 illa:
190 2900 353 2965 336,10sq.
370 2893 495 2949 sufficit?
521 2895 713 2963 sufflantes,
733 2899 795 2962 352,
810 2897 844 2948 38
859 2892 1074 2948 advocationis

111 2966 290 3034 advocamus,
313 2972 374 3033 333,
389 2970 425 3020 33
441 2965 558 3021 factum
576 2966 685 3022 iuvenis
704 2965 854 3020 adiectum
893 2963 970 3030 Quae
988 2964 1075 3020 verba

109 3055 173 3093 cum
192 3038 224 3093 in
241 3036 361 3093 eundem
379 3037 494 3093 modum
513 3037 668 3121 depravata
684 3037 713 3092 in
732 3037 755 3090 B
775 3037 840 3104 sint,
858 3035 907 3105 qni
924 3035 1074 3090 nonnullos

109 3109 181 3166 alios
205 3109 283 3164 locos
302 3110 448 3178 praeterea
467 3107 596 3164 simihter
615 3108 740 3178 corrupit
758 3105 804 3178 (cf.
825 3111 885 3174 268,
900 3111 929 3171 ὃς
950 3111 1010 3173 333,
1027 3112 1072 3171 15;

110 3187 173 3249 334,
182 3186 217 3236 33
231 3209 266 3220 -
280 3180 425 3250 aliquanto
440 3179 523 3249 plura
537 3180 666 3251 exempla
680 3179 794 3234 exhibet
805 3178 892 3233 aditio
902 3177 945 3247 Ρ),
961 3177 1073 3234 omnino

110 3251 140 3307 in
162 3249 257 3306 verbis
276 3250 407 3306 similiter
429 3249 476 3306 vel
493 3251 694 3322 incipientibus
712 3251 758 3307 sel
775 3248 1006 3316 terminantibus,
1025 3249 1074 3304 ubi

110 3322 244 3378 vitiosum
267 3322 335 3391 quid
360 3338 421 3378 esse
439 3321 602 3390 videbatur,
626 3340 683 3378 non
702 3321 832 3377 dubitavi
848 3319 962 3390 longius
980 3337 999 3375 a
1015 3321 1074 3374 tra-

111 3393 181 3450 ditis
203 3391 294 3450 literis
318 3393 449 3450 recedere
467 3410 520 3449 nec
538 3393 693 3452 temeraria
709 3393 823 3464 indiam
839 3408 916 3465 uuae
929 3408 1025 3464 pagg.
1036 3397 1094 3456 tx„

107 3472 157 3529 135
173 3469 215 3530 33,
230 3470 280 3532 21,ι
298 3471 340 3534 30,
356 3470 392 3522 13
410 3466 531 3528 conieci.
