2386 3816
129 187 203 255 332
502 185 733 253 ouiusimrru

204 350 281 416 Non
305 354 356 415 est
378 349 419 414 lis
442 349 517 414 huie
540 349 669 414 mulieri
688 347 783 413 hodie
801 369 875 412 oum
894 345 1014 411 marito
1031 359 1106 411 suo.

137 460 242 522 neque
275 439 362 503 enim
395 437 550 503 iudicium
581 437 739 503 constitui
770 439 879 520 potest
905 435 992 499 inter
1020 457 1107 519 eum,

137 528 193 612 qui
221 527 319 611 cedit,
352 549 502 612 eamque,
535 548 616 611 quae
645 526 708 591 sibi
737 525 862 607 asserit.
914 523 1107 589 adulescens

139 616 296 682 asseritur
314 638 333 680 a
351 636 503 701 paupere.
525 619 616 700 pater
633 615 684 680 illi
697 614 792 698 cedit,
809 616 913 677 mater
926 634 994 677 000
1008 611 1107 678 aedit

103 810 118 857 s
459 788 797 857 DECLAMATIO.

204 916 346 982 Etiamsi
377 917 419 982 110
451 916 528 982 huie
556 915 696 1000 mulieri,
729 915 782 980 oui
810 913 938 997 adsum,
968 913 1105 1000 iudices,

138 1008 224 1071 esset
247 1010 361 1072 contra
383 1027 560 1090 pauperem
578 1007 688 1084 istum,
710 1004 839 1068 infirmo
859 1003 931 1068 1000
951 1024 1027 1085 pars
1047 1026 1104 1069 no-

138 1098 206 1160 stra
230 1100 263 1160 et
285 1095 414 1180 dignior
438 1094 558 1160 auxilio
581 1093 755 1177 videretur,
778 1090 855 1176 quia
873 1094 906 1154 et
923 1111 982 1174 per
1001 1113 1036 1156 00
1055 1093 1104 1156 10-

138 1183 257 1248 becilla
279 1206 330 1249 res
355 1186 404 1248 est
426 1182 557 1266 femina,
580 1186 613 1247 et
634 1182 739 1247 adfert
757 1179 943 1244 infirmitati
961 1182 1105 1246 naturali

86 1288 118 1337 10
137 1293 204 1336 000
235 1271 306 1336 leve
339 1272 480 1355 pondus,
521 1270 607 1356 quod
639 1270 737 1336 vidua
773 1272 831 1334 est.
890 1268 965 1332 huic
1004 1271 1105 1335 etiam

137 1361 304 1443 proprium
332 1360 415 1425 illud
448 1360 582 1441 aceedit,
620 1358 705 1444 quod
736 1359 770 1423 in
805 1356 1104 1440 sol<lie>itudinem

138 1469 294 1513 conversa
318 1452 407 1532 sunt,
436 1470 517 1533 quae
540 1448 704 1532 praesidia
726 1447 866 1511 fuerunt.
912 1445 993 1512 haee
1016 1447 1104 1512 enim

137 1537 284 1621 quamvis
317 1537 470 1601 maritum
502 1535 623 1601 habere
653 1536 795 1616 desisset
822 1538 920 1619 atque
951 1539 1039 1601 esset
1066 1558 1105 1601 ea

139 1624 250 1708 domo,
272 1625 307 1689 in
331 1624 471 1710 qua<m>
493 1626 587 1710 virgo
610 1628 779 1709 nupserat,
806 1623 917 1707 pulsa,
944 1646 1011 1689 non
1035 1626 1105 1690 sine

85 1729 118 1779 15
140 1713 260 1778 auxilio
289 1719 401 1780 tamen
429 1714 531 1780 videri
559 1717 700 1798 poterat,
733 1735 806 1778 oum
833 1712 971 1777 haberet
998 1713 1106 1778 filium

139 1802 298 1868 iuvenem.
340 1824 413 1868 oum
436 1825 513 1869 vero
537 1803 601 1868 hoo
623 1803 732 1886 ipsum
756 1800 932 1866 deducatur
955 1802 989 1864 in
1012 1803 1103 1867 litem

138 1894 170 1956 et
196 1891 259 1957 hoo
287 1897 433 1977 tempore
461 1891 545 1957 nihil
574 1892 672 1956 matri
695 1894 824 1975 praeter
847 1888 1102 1956 sollicitudinem

138 1979 273 2064 adferat,
301 1985 411 2048 tamen
441 1981 503 2046 hoo
532 1982 701 2065 confiteor,
732 2000 800 2043 000
824 2000 895 2043 eum
920 1999 992 2043 oum
1021 1980 1105 2065 ipso,

138 2089 233 2151 quem
264 2090 304 2133 ex
327 2069 461 2134 diversis
485 2069 601 2134 videtis
625 2068 801 2152 subselliis,
823 2067 969 2152 litigare:
1002 2069 1103 2134 altior

84 2172 118 2221 20
138 2156 247 2240 gratia
269 2157 398 2239 premit.
433 2161 520 2223 esset
543 2159 662 2242 quippe
684 2157 765 2223 haee
788 2160 894 2220 mater
915 2155 950 2222 10
974 2157 1034 2222 lite
1055 2161 1105 2222 ut

137 2265 273 2329 eumque
300 2245 442 2330 felicior,
476 2247 504 2310 si
536 2247 674 2311 maritus
707 2246 776 2310 eius
809 2247 983 2310 contentus
1017 2252 1105 2312 esset

136 2332 205 2400 filio
229 2335 380 2399 cessisse:
409 2355 495 2400 0000
518 2335 634 2399 adiecit
656 2333 845 2400 testimonio
870 2334 1103 2401 auctoritatem

137 2425 169 2486 et
191 2421 448 2488 infelicissimam
475 2424 649 2507 nutricem,
677 2445 775 2509 quam
803 2422 855 2487 bis
877 2421 990 2508 torsit,
1026 2424 1104 2508 quia

136 2528 248 2575 verum
272 2511 410 2596 dicebat,
433 2511 604 2577 adversum
627 2534 686 2577 000
710 2511 836 2577 meattri
859 2511 988 2596 oodgit.¹
1012 2513 1104 2579 ouius

83 2615 117 2664 00
137 2598 166 2663 01
197 2622 255 2665 vos
279 2601 472 2685 auotoritas,
506 2600 642 2685 iudices,
673 2603 796 2684 movet,
827 2599 908 2663 illud
939 2621 1042 2665 unum
1069 2601 1104 2667 in

137 2687 243 2771 prima
271 2693 364 2772 parte
393 2710 509 2755 causae
538 2689 658 2755 dixisse
681 2691 852 2756 contentus
876 2709 962 2771 sum,
990 2711 1104 2755 vocem

136 2776 205 2840 eius
234 2777 275 2841 ab
303 2782 440 2861 utraque
470 2782 563 2862 parte
586 2777 726 2843 recitari.
773 2777 859 2862 quod
888 2777 915 2841 si
944 2777 1104 2844 vindicari

135 2863 239 2928 filium
272 2866 400 2951 mallet,
424 2867 503 2931 satis
533 2889 606 2933 eum
630 2867 681 2932 vel
705 2868 776 2931 sola
799 2865 960 2950 expositio
985 2889 1104 2934 causae

136 2955 289 3018 tueretur.

209 3114 222 3163 1
243 3112 287 3164 est
304 3109 350 3164 lex
368 3109 435 3165 huie
453 3114 493 3165 Aa
515 3112 525 3182 ΙΙ
548 3118 564 3164 3
589 3111 752 3166 adseritis
775 3111 785 3180 ll
808 3116 825 3165 4
844 3110 992 3180 *paupere
1011 3116 1104 3183 patre.

134 3180 183 3236 ille
203 3185 255 3234 AB
271 3185 310 3250 116
330 3180 440 3237 etiamsi
454 3182 500 3236 lex
514 3183 579 3236 huie
598 3188 647 3250 Aa,
666 3182 777 3238 etiamsi
796 3179 862 3236 huie
880 3186 910 3248 B,
929 3181 1017 3238 etiam
1036 3184 1104 3240 huie

134 3254 177 3321 1³ss
190 3253 294 3307 assumi
313 3257 333 3304 B
352 3254 361 3323 Η
383 3259 398 3308 9
418 3251 510 3308 adfret
528 3257 569 3306 Aa
591 3257 601 3324 fl
627 3261 657 3308 11
678 3251 938 3326 sol<lio>itudinem
957 3253 1012 3310 Sole
1034 3257 1044 3326 ΙΙ
1068 3262 1103 3312 13

134 3321 259 3378 dedisset
277 3330 300 3377 Δ
318 3325 328 3394 ΙΙ
344 3331 376 3379 14
395 3322 522 3398 qua<m>
541 3325 653 3396 Gru20
672 3324 777 3396 gratia]
808 3340 874 3378 eura
901 3324 1099 3395 110112200-

112 3393 359 3524 2010100οᾑ111124
377 3396 451 3455 mori
470 3401 534 3466 AB,
553 3413 623 3454 corr.
643 3396 686 3453 Ro
699 3396 711 3466 ll
723 3401 757 3450 26
776 3412 827 3451 nos
845 3396 891 3464 All
904 3395 1005 3452 iudicis
1024 3399 1101 3469 AB!

133 3470 153 3519 9
175 3482 242 3524 rere
259 3487 292 3525 ur
309 3475 353 3527 Aa
