2364 3766
327 101 647 163 DECLAMA'I'IONES.
666 107 806 165 CCXCVI.
989 110 1053 178 169

480 300 662 373 udxuvl.

451 428 552 496 Exul
592 429 682 498 tace.

110 535 236 616 launum
259 569 368 618 moal
391 570 493 620 muns
515 570 778 622 cumanensem
800 573 927 624 LIOEAT
951 576 1047 626 occa-

177 656 276 709 Danu.
325 641 534 728 Inprudentis
563 643 671 710 caedis
702 643 873 711 damnatus
907 649 1048 736 exlege

176 728 206 795 in
236 729 372 798 exilium
409 731 665 818 quinquennium
696 734 816 800 missus
849 738 907 802 est.
958 737 1083 804 intrat

176 817 250 886 fines
274 845 295 888 a
318 821 421 888 fiatre
444 821 621 888 aduenam
644 826 780 889 vocatus
804 844 876 889 cum
897 827 1044 910 parasito

174 905 280 976 lauis
299 910 409 995 litem,
440 909 543 976 franc
566 911 633 977 iam
657 911 853 999 dormiente,
880 915 1045 983 conseruit

175 999 397 1087 ataparasito
412 999 572 1066 clamante
581 1000 680 1066 »exul
694 1005 790 1068 tace«
804 1023 843 1067 ex
857 1002 930 1089 lage
944 1004 1043 1070 inter-

173 1084 270 1155 leetus
303 1091 364 1155 est.
415 1110 479 1174 quo
511 1093 679 1175 comperto
710 1090 892 1177 parasitum
924 1092 1045 1160 abiecit

174 1176 366 1265 adulescens,
389 1180 524 1263 epatre
547 1176 725 1245 abdicatur.
1061 1198 1096 1248 10

299 1401 301 1404 -
389 1353 729 1423 caenandum.

62 1548 64 1561 ¹
155 1472 309 1547 Obicimus
333 1478 530 1547 adulescenti
553 1483 628 1549 ante
652 1480 778 1566 omnia,
805 1480 891 1569 quod
913 1485 1037 1568 parasi·

110 1554 158 1628 illl
169 1566 324 1637 habuerit
356 1568 555 1639 abdicationi
575 1569 637 1637 hoc
656 1570 735 1638 satis
755 1575 835 1652 erat,
857 1574 895 1637 ut
914 1571 942 1637 si
960 1574 1037 1658 quid

109 1653 174 1726 luter
195 1661 293 1746 nolit,
324 1680 504 1746 numquam
536 1658 692 1725 emendet
739 1681 839 1746 quare
866 1659 949 1727 nihil
978 1667 1039 1744 est,

109 1741 167 1821 llud
188 1747 276 1817 dicas
304 1747 401 1834 mihi,
426 1769 605 1835 numquam
631 1748 721 1815 istud
749 1748 908 1816 obiecisti.
960 1749 1038 1835 quid
1057 1764 1093 1813 15

108 1827 168 1901 tuin
182 1836 256 1906 hinc
275 1836 406 1924 colligis
425 1834 523 1923 aliud,
547 1859 646 1924 quam
668 1841 706 1904 ut
728 1840 761 1902 te
785 1836 914 1904 abdicet
935 1836 1038 1903 indul·

107 1931 162 2016 1111
179 1924 292 2012 pater?
336 1924 414 2012 quid
441 1925 527 1993 enim
554 1929 605 1994 est
627 1925 806 2013 parasitus,
835 1925 901 1991 nisi
928 1945 1036 1992 comes

105 2008 247 2082 lliionnn‘?
269 2014 455 2101 turpissimi
473 2014 628 2101 cuiusque
646 2014 727 2082 facti
744 2013 917 2082 laudator?
936 2036 1036 2081 unum

105 2093 186 2170 tuen
206 2103 379 2172 videbatur
402 2126 473 2171 esse
496 2104 660 2190 solatium,
683 2102 770 2190 quod
790 2103 948 2171 eiusmodi
965 2104 1035 2172 vita

104 2181 348 2263 ulomaidium
370 2215 473 2280 usque
495 2215 564 2261 non
585 2193 777 2279 perveniret
1052 2210 1090 2261 ao

149 2277 255 2351 Obicio
282 2283 362 2368 tibi,
389 2283 473 2368 quod
499 2281 637 2351 framem
663 2281 753 2348 intra
774 2282 856 2348 fines
878 2282 1034 2350 invitasti.

102 2356 401 2476 unaquaelibet
422 2394 521 2440 causa
543 2369 703 2474 consini
716 2370 832 2473 melius
855 2371 922 2452 [eo]
946 2375 1034 2438 certe

101 2458 1033 2636 111111111111111111111

98 2633 262 2731 amnem
284 2643 363 2727 post
385 2634 477 2707 illam
501 2639 656 2705 miseram
677 2637 842 2705 fortunam
856 2658 925 2704 non
946 2637 1032 2706 vide·
1051 2656 1087 2706 25

97 2734 135 2807 m,
149 2727 273 2804 nisiad
296 2733 332 2795 te
353 2728 613 2797 descendentem.
642 2749 721 2793 nam
743 2726 795 2793 illi
815 2726 943 2814 ignosci
961 2732 1031 2812 pot

144 2906 158 2957 8
174 2908 271 2976 parato
290 2904 316 2961 si
335 2904 369 2962 cl.
388 2909 429 2958 Aa
446 2907 456 2976 11
474 2903 627 2959 damnante
645 2905 666 2955 B
685 2904 695 2972 11
712 2901 786 2958 inter
802 2901 966 2957 interfectus
984 2907 1008 2955 A
1020 2903 1030 2975 11

97 2965 155 3039 lqai
169 2981 208 3032 Aa
229 2980 239 3049 1
259 2975 402 3033 abierit?
429 2977 438 3047 1
467 2981 499 3030 11
519 2975 710 3032 odolescentia
726 2973 757 3030 in
774 2976 805 3029 te
823 2977 844 3027 Ι
867 2975 877 3043 11
898 2973 1030 3043 paratum

96 3037 138 3113 *ΙΙ
149 3053 177 3104 1'1
193 3051 274 3106 nolet
290 3052 324 3119 A,
341 3047 475 3116 nolletis,
494 3063 563 3104 corr.
579 3046 648 3114 Sua,-
666 3044 904 3116 uninolueritff)
918 3047 928 3115 11
942 3050 976 3100 11
989 3045 1030 3101 mi

94 3109 182 3181 lanui
197 3123 263 3193 111
277 3125 313 3176 se
330 3119 388 3174 hoo
406 3122 469 3188 ss,
488 3117 622 3175 consuo
639 3119 648 3187 11
663 3123 696 3172 17
715 3116 802 3187 aquia
820 3120 874 3184 Aa,
892 3118 943 3171 aut
960 3114 1030 3184 quid

94 3177 305 3272 ¹lparsaaitus
325 3195 349 3243 A
367 3189 377 3260 11
396 3195 430 3245 18
448 3189 575 3246 laudatio
593 3193 617 3242 A
639 3190 650 3258 1
672 3194 706 3244 18
724 3187 807 3243 huius
824 3186 938 3241 modin
962 3187 972 3255 11
994 3193 1030 3244 10
1048 3192 1051 3197 “

92 3259 215 3321 mma
231 3269 252 3319 Ι
267 3265 278 3335 1
296 3268 332 3319 11
350 3261 438 3316 linem
454 3264 476 3314 1
494 3263 504 3332 11
526 3266 560 3315 11
579 3259 680 3315 melius
699 3276 734 3316 ea
751 3276 774 3314 c.
793 3261 829 3325 A,
847 3275 884 3313 m.
904 3273 937 3312 eo
957 3273 979 3312 c.
998 3261 1029 3327 3,

92 3335 138 3402 aa,
152 3334 229 3408 Lam
246 3335 359 3394 wan.
378 3335 410 3388 tu
429 3350 453 3388 c.
472 3331 579 3403 (11113
597 3333 635 3388 ad
653 3330 770 3386 fratrem
788 3344 839 3384 om.
857 3329 950 3399 1111
968 3331 1028 3381 tam

91 3401 153 3465 adn
168 3412 209 3467 eat
225 3409 319 3467 frater
337 3424 365 3477 p.
384 3407 477 3477 Blat
497 3403 573 3473 quod
591 3407 650 3471 AB,
668 3417 739 3459 corr.
756 3399 801 3458 Ro
