2386 3816
171 155 238 222 394
536 153 765 220 QUINTILIANI

171 340 278 404 gasse,
296 319 471 384 laborasse.
498 318 580 383 illud
598 322 767 402 praeterea
785 321 901 401 potens
921 320 971 382 est
987 339 1048 402 pro
1065 319 1138 403 illo,

149 426 237 472 ¹non
259 407 403 492 potuisse
426 408 592 473 dominum
615 407 710 472 illum
732 406 812 471 furti
836 427 941 492 agere.

455 582 839 670 <uuoalnau1o>

238 709 353 797 Itaque
376 710 472 776 iudex
496 710 573 795 quid
596 707 841 794 pronuntiavit?
870 708 1026 775 nimirum
1053 710 1137 776 mihi

136 820 152 870 a
171 798 294 866 furtum
318 821 388 864 esse
410 799 542 864 faotum.

346 1025 364 1063 ,
549 973 752 1043 oooaxn.

369 1084 528 1151 Invioem
550 1082 754 1165 pulsatores
776 1082 934 1164 patrum.

171 1207 236 1285 Qu1
260 1226 402 1274 aaronis
429 1226 659 1293 runsavnaru,
691 1225 808 1273 nauus
836 1225 870 1272 nr
901 1223 1136 1276 incursurus„

260 1297 334 1363 Duo
359 1297 582 1364 adulescentes
602 1298 753 1382 aequales
771 1297 969 1380 iuraverunt,
992 1301 1030 1361 ut
1050 1298 1135 1363 alter

118 1407 151 1456 10
259 1385 394 1451 alterius
420 1389 547 1469 patrem
571 1387 751 1452 caederent.
787 1385 981 1451 aeciderunt.
1017 1391 1135 1470 petun-

259 1477 313 1538 tur
335 1495 465 1558 manus3
487 1478 597 1559 patres
621 1473 794 1540 vindicant.

564 1650 738 1719 SERMO.

235 1758 350 1825 Fuisse
382 1759 463 1825 duos
496 1758 634 1825 sodales.
684 1757 832 1843 patribus
864 1760 939 1840 †ex
962 1761 1132 1841 austero†

169 1848 424 1936 indulgentibus,
443 1869 540 1932 saepe
559 1847 661 1914 coisse
676 1846 717 1913 ad
731 1848 848 1932 lusum,
867 1846 1054 1933 frequenter
1068 1871 1134 1915 una

117 1956 150 2006 15
168 1938 278 2004 fuisse.
324 1938 463 2022 quodam
490 1940 650 2021 tempore,
677 1958 751 2003 eum
781 1937 866 2002 alter
889 1959 928 2002 ex
950 1937 1002 2002 his
1027 1938 1131 2003 serius

170 2029 205 2092 in
228 2027 410 2092 convivium
432 2025 584 2110 venisset,
607 2025 727 2091 dixisse
747 2026 888 2090 alterum
906 2026 1071 2092 »fortasse
1090 2031 1131 2110 te,

168 2119 206 2180 ut
230 2114 322 2197 solet,
345 2115 401 2178 ille
425 2135 522 2179 senex
544 2115 692 2199 retinuit,
717 2113 774 2180 sed
794 2136 861 2179 non
879 2113 962 2180 feret
981 2115 1132 2199 impune:

169 2224 230 2289 ego
262 2203 356 2268 illum
390 2203 602 2268 verberabo«.
646 2204 733 2268 hune
765 2203 879 2269 deinde
914 2204 1131 2288 respondisse,

168 2297 223 2359 >et
251 2312 313 2376 ego
340 2295 434 2357 tuum
461 2290 624 2358 caedam«.
670 2314 742 2359 eum
772 2292 907 2357 alternis
936 2293 1044 2358 verbis
1069 2293 1132 2359 iao-

116 2399 151 2450 ao
168 2384 317 2448 tarentur
346 2380 466 2466 minae,
499 2384 532 2447 at
558 2385 693 2467 uterque
722 2385 895 2467 metueret,
925 2404 965 2447 ne
989 2382 1132 2448 inultum

166 2470 303 2536 haberet
329 2474 471 2556 patrem,
497 2470 620 2536 iurasse
648 2470 681 2536 in
705 2470 864 2536 ultionem
887 2471 992 2557 magis
1016 2493 1134 2556 paren·

167 2563 247 2646 tum,
271 2581 369 2645 quarn
392 2559 553 2627 iniuriam.

544 2753 762 2823 aeonum.

415 2860 613 2946 Vestiplioa
635 2878 701 2945 pro
725 2860 881 2929 domina.

115 3001 150 3052 aa
168 2985 296 3050 Mansa
320 2965 577 3053 renouanouis
602 3004 656 3053 aru
679 3004 794 3054 rouro.
833 2987 971 3063 Quidam
994 3009 1130 3072 pauper,

254 3074 418 3140 formosae
429 3075 575 3159 maritus,
585 3098 605 3140 a
614 3077 787 3160 peregrino
802 3076 908 3141 vicino
922 3077 1130 3163 negotiatore

235 3238 252 3286 a
271 3230 488 3306 (Declamatio)
506 3231 560 3288 sva
573 3233 613 3303 [18
632 3232 675 3288 illi
692 3234 737 3301 ΒΙΙ
755 3240 771 3288 9
788 3233 860 3288 alter
874 3234 946 3288 alter
959 3237 980 3286 B
993 3235 1003 3302 ΙΙ
1019 3239 1052 3288 10
1067 3250 1130 3289 eae-

165 3303 245 3358 deret
269 3302 403 3358 aederunt
425 3307 446 3356 B
473 3306 483 3373 ΙΙ
512 3309 544 3358 13
564 3321 598 3359 ex
617 3307 728 3360 austero
748 3306 820 3360 tueri
838 3309 954 3360 amator
972 3304 1129 3376 Setaltiay.

154 3373 314 3519 diffie}
332 3379 449 3431 wadon.
470 3376 499 3443 I,
514 3380 531 3432 7
546 3392 576 3445 p.
593 3380 646 3432 115
664 3377 674 3445 n
694 3379 841 3431 ‘laneca
863 3378 872 3446 ΙΙ
895 3380 929 3430 26
949 3375 998 3446 sit]
1017 3375 1074 3431 ista
1093 3381 1131 3446 Δ,
