2386 3816
113 155 177 219 108
478 150 702 219 QUINTHIANI

111 319 177 386 adii
195 318 417 404 magistratus,
440 317 610 384 fortiorem
628 317 756 401 puellae
775 335 888 380 vocem
905 315 1080 401 imperavi,

111 409 187 494 quia
208 411 315 473 tutum
339 405 430 472 erat?
476 427 536 492 ego
564 426 640 471 vero
663 409 752 472 totos
775 404 811 470 in
834 403 977 469 medium
999 427 1077 490 pro-

109 497 180 564 fero
205 496 364 562 adfectus:
386 519 446 563 neo
468 495 549 561 mihi
571 495 606 560 in
629 494 828 581 cogitatione
846 499 917 559 tum
935 494 988 561 lex
1002 493 1078 579 fuit,
1127 563 1130 567 ,

109 607 168 652 nec
200 587 272 651 iura
305 586 445 670 respexi,
479 584 535 651 sed
568 606 651 669 quae
682 583 832 669 proxima
863 582 1077 649 vindicandae

75 674 250 740 einselicis
273 675 359 740 filiae
382 675 436 740 vie
454 674 603 758 occurrit,
624 674 711 739 hano
729 671 864 757 intendi,
886 672 971 738 hane
985 693 1076 738 secu·

110 768 164 828 tus
189 786 273 829 sum:
305 765 387 829 bene
410 764 522 847 cessit,
550 763 636 847 quod
660 768 693 828 et
715 761 817 827 licuit.
863 782 932 847 age,
956 762 985 827 si
1008 783 1077 827 non

89 850 310 938 habuissem,
342 874 438 939 quam
467 852 633 918 educerem
661 851 702 918 ed
724 851 950 937 magistratus,
983 851 1077 917 euius

110 942 180 1007 viee
203 964 255 1008 me
278 942 465 1008 ulciscerer:
488 962 555 1006 non
577 943 612 1006 in
629 940 770 1026 publico,
792 951 859 1007 non
878 938 1077 1014 inforabis

7 1059 9 1064 ·
110 1052 162 1096 me
195 1031 352 1097 senilibus
385 1030 537 1096 manibus
559 1028 801 1096 vindicassem?
849 1033 901 1114 tu,
931 1029 1078 1116 fortuna,

58 1135 90 1184 10
109 1118 208 1185 facies
237 1121 322 1205 quod
350 1121 538 1186 occurrerit:
570 1120 637 1184 iam
659 1140 727 1186 non
749 1122 844 1204 potes
867 1119 1009 1204 efficere,
1038 1123 1077 1185 ut

108 1209 283 1292 paeniteat
327 1209 430 1275 filiam
457 1208 596 1294 perdidi:
624 1208 691 1273 scio
714 1208 777 1274 hoe
799 1208 971 1274 minimum
1002 1231 1076 1274 esse

108 1298 268 1364 malorum
281 1319 436 1364 meorum.
463 1301 547 1380 sunt,
567 1298 623 1383 qui
642 1297 871 1383 gravissimum
889 1298 1077 1364 existiment

108 1386 221 1451 unicos
247 1386 396 1472 perdere,
429 1391 462 1452 et
489 1387 639 1473 quotiens
666 1408 733 1452 non
754 1386 898 1452 habeant
921 1388 962 1452 ad
985 1387 1076 1471 quod

108 1475 261 1540 solatium
284 1475 462 1560 respiciant
484 1476 698 1560 calamitates,
725 1475 853 1542 videtur
879 1477 948 1543 sine
970 1476 1076 1542 medi-

55 1579 88 1627 15
108 1563 181 1628 eina
197 1560 305 1631 dolor:
323 1565 386 1630 hoe
404 1566 535 1651 gravius
555 1569 614 1649 est,
632 1565 764 1650 iudices,
782 1565 916 1650 perdere
932 1567 1076 1632 alteram

109 1673 126 1717 e
144 1653 293 1737 geminis.
329 1655 446 1720 cotidie
465 1655 546 1719 mihi
566 1655 706 1720 occurrit
724 1655 833 1738 imago
852 1655 975 1721 funeris
994 1657 1075 1742 mei3

107 1762 171 1827 quo
195 1744 300 1829 magis
323 1744 432 1827 placet
455 1743 541 1809 filiae
561 1742 765 1826 verecundia,
788 1766 852 1829 quo
870 1746 977 1831 magis
995 1767 1076 1830 pro-

107 1830 202 1916 bitas,
221 1832 283 1898 hoo
297 1832 436 1898 validius
452 1833 593 1898 subeunt
607 1833 836 1918 cogitationes:
856 1835 956 1899 talem
972 1834 1075 1901 miser

106 1921 240 2003 perdidi.
283 1923 311 1987 si
333 1926 445 1988 tamen
467 1923 529 1987 hoc
552 1923 668 1987 vulnus
691 1922 856 1988 intulisset
878 1923 1020 2006 fortuna,
1045 1926 1075 1991 ai

55 2025 87 2073 20
108 2029 212 2094 casus,
235 2013 398 2076 communi
421 2012 633 2077 mortalitatis
657 2011 845 2078 condicione
864 2013 988 2079 solarer
1006 2036 1075 2079 me:

105 2119 192 2162 nuno
223 2097 324 2164 miser
350 2100 451 2165 filiam
479 2101 641 2185 quomodo
673 2101 821 2186 perdidi?
854 2106 930 2168 ante
961 2103 1074 2170 omnia

105 2207 165 2250 nee
188 2187 358 2272 virginem,
381 2210 441 2254 nec
463 2193 609 2273 nuptam.
646 2191 758 2275 quales
781 2211 842 2276 ego
865 2191 979 2258 infelix
1002 2194 1074 2259 vul·

106 2278 169 2360 tus,
192 2298 303 2342 caesos
323 2277 446 2363 alioqui
463 2278 687 2365 laceratosque
708 2302 745 2345 ao
764 2281 881 2366 laqueo
895 2284 1072 2368 tumentes,

105 2369 199 2447 pater
222 2366 302 2433 vidil
327 2368 457 2452 qui-me
476 2371 592 2452 metus,
615 2369 669 2453 qui
687 2371 777 2436 intus
793 2374 903 2436 aestus
918 2371 1072 2456 agitant?

54 2469 87 2517 25
108 2475 189 2536 quae
214 2455 277 2521 fuit
299 2456 492 2522 verecundia
514 2457 585 2543 illa,
610 2480 692 2542 quae
715 2458 875 2525 ultionem
899 2464 1071 2545 expectare

176 2672 189 2718 1
209 2665 246 2720 ad
268 2665 299 2720 hi
317 2672 340 2719 A
358 2667 367 2736 ll
384 2667 523 2738 imperavi
541 2673 564 2720 A
577 2669 616 2738 ll²
635 2669 729 2724 totum
747 2675 787 2722 Aa
800 2672 810 2742 ll
823 2670 900 2726 totus
918 2676 970 2742 Aa,
990 2675 1069 2730 tutos

101 2740 141 2787 Ab
160 2737 168 2805 ll
187 2743 203 2791 3
228 2736 294 2790 dum
311 2743 365 2807 Aa,
384 2756 447 2794 eum
466 2742 509 2810 Pl
527 2746 544 2794 4
562 2741 686 2810 respexit
703 2747 743 2794 Ab
758 2744 767 2812 Η
782 2747 796 2796 '1
817 2759 901 2812 quam
921 2743 1070 2802 edocerem

100 2811 136 2876 A,
155 2825 211 2876 qua
229 2825 275 2863 me
294 2808 425 2866 ducerem
444 2815 464 2865 B
484 2812 493 2880 ΙΙ
514 2818 547 2866 10
565 2814 660 2880 potest
676 2817 754 2866 B-1²
772 2816 781 2884 ΙΙ
801 2820 834 2869 12
853 2818 919 2870 eunt
937 2816 987 2884 qui
1005 2834 1070 2888 gra·

100 2878 250 2963 viusease
273 2896 360 2934 unum
383 2882 418 2937 de
441 2881 507 2937 filiis
531 2883 647 2968 perdere
671 2901 756 2953 quam
779 2884 908 2971 unicum,
935 2890 1002 2943 sunt
1020 2890 1070 2958 qui

101 2966 208 3076 ppppppp
209 2968 302 3078 1iiiiii
319 2954 523 3094 ἔιτξιῖιίίιιῖὁέιεεθΔ
528 2956 1069 3102 quqriqlflelqtoreecqpqqppprppnprplpqtpqpe

99 3092 218 3148 minans.
238 3124 271 3134 -
297 3095 337 3150 Ia
360 3097 471 3152 eoadem
495 3099 656 3154 ambatiam
678 3100 803 3168 disputat
823 3101 1067 3174 Pseudo-Quinti·

99 3163 193 3246 lienus
215 3165 280 3220 decl.
306 3165 395 3221 VIII
410 3168 483 3239 §22
502 3168 511 3238 ΙΙ
529 3167 712 3224 *existimant
729 3176 802 3224 Ano
822 3174 879 3244 ll13
899 3192 943 3242 qn.
964 3192 1021 3231 non
1038 3175 1067 3232 h.

100 3234 215 3318 aliquod
233 3237 364 3294 solatium
383 3254 454 3310 resp.
468 3245 504 3306 A,
525 3259 570 3309 qn.
589 3240 704 3310 aliquod
723 3242 774 3298 sol.
793 3243 869 3313 quod
888 3250 989 3316 reap.B
1008 3248 1068 3318 l114

101 3305 272 3362 calamitatis
290 3313 377 3379 ΔΜ,
396 3326 465 3366 corr.
484 3311 528 3367 Ro
551 3315 560 3383 11
586 3319 617 3367 15
642 3319 672 3375 §s
691 3316 832 3384 gravius
851 3316 889 3372 ἴε
907 3336 1007 3373 unnm
1026 3319 1065 3374 de

99 3375 199 3461 filiis,
215 3379 360 3448 perdere
384 3398 480 3451 quam
505 3385 642 3439 unicum
660 3390 684 3437 A
697 3387 706 3455 ΙΙ
721 3392 754 3440 16
774 3402 807 3440 ex
826 3391 867 3458 011
881 3395 915 3442 22
936 3406 1002 3460 ergo
1020 3392 1065 3459 Bu

95 3453 132 3502 21
149 3451 275 3520 agitavit
292 3458 311 3506 0
