2386 3816
345 166 665 224 DECLAMATIONES.
694 165 808 223 CGOVI.
1006 167 1073 234 205

108 335 223 397 turum
245 333 324 415 erat,
348 331 377 396 si
400 331 553 416 periisset
576 334 609 396 et
632 331 757 397 mater?
781 351 858 416 age,
880 331 952 416 <si>
970 331 1075 397 nollet

109 420 218 484 filium
240 423 346 486 mater
369 420 568 504 agnoscere?
601 442 678 486 nam
700 420 776 486 huic
799 421 929 505 quidem
952 423 1075 506 quanta

111 508 213 574 fuerit
242 509 383 574 materni
405 509 547 576 nominis
571 510 741 596 cupiditas,
767 530 835 575 non
857 511 923 575 illis
946 512 1075 575 tantum

112 598 315 687 argumerrtis
338 598 500 685 probabo,
528 599 612 684 quod
636 598 798 683 concepit,
820 598 906 684 quod
929 599 1075 664 sustulit:

114 687 174 754 sed
200 686 287 772 quod
313 687 451 754 maritus
478 710 656 774 numquam
687 688 819 753 mandet
842 687 1111 773 exponendum,5

112 776 180 843 nisi
208 776 412 843 educaturae.
457 776 532 842 date
558 777 635 843 huic
659 799 755 861 quem
780 777 881 843 vultis
905 777 1077 842 adfectum.

117 865 146 931 si
169 865 274 931 voluit
295 865 429 948 habere,
452 866 548 932 facile
572 869 738 952 agnoscet,
762 867 790 931 si
813 866 934 950 noluit,
957 865 1004 931 sic
1026 887 1077 931 ex·

113 954 294 1042 posuisset,
325 976 366 1021 ne
399 954 600 1021 educaretur.
641 957 674 1022 et
707 959 818 1022 temen
849 955 955 1020 fuerit
981 954 1078 1019 fortis

115 1043 272 1110 adversus
308 1044 483 1110 infantem:
524 1045 619 1130 plura
653 1044 877 1110 blandimenta
912 1043 1079 1110 robustior

115 1137 209 1200 aetas
241 1133 351 1199 habet.
406 1156 425 1200 ο
460 1136 600 1219 quantos
636 1133 718 1199 heec
750 1155 789 1199 ex
821 1133 935 1198 alienis
967 1131 1079 1197 liberis
1100 1148 1133 1197 10

116 1221 280 1289 cruciatus
303 1222 398 1288 tulit!
422 1223 590 1288 blanditur
613 1223 732 1308 aliquis
755 1244 849 1306 puer:
872 1221 968 1288 »talis
993 1224 1080 1286 esset

116 1333 238 1378 meus«
269 1312 421 1378 laudatur
444 1312 563 1398 uliquis
588 1313 677 1378 vultu
696 1313 877 1398 speciosus:
901 1310 998 1376 »talis
1018 1310 1081 1375 fuit

116 1401 186 1485 ille,
210 1423 306 1487 quem
327 1401 484 1486 perdidi«.
525 1402 642 1467 crescit
664 1401 783 1468 cotidie
807 1402 912 1467 dolor:
935 1401 1023 1466 siam
1045 1399 1081 1463 in

117 1490 193 1556 foro
226 1492 477 1576 conspiceretur,
514 1491 580 1556 iam
612 1491 783 1575 militaret3
822 1491 888 1556 iam
920 1490 971 1555 illi
1002 1510 1080 1554 uxo-

118 1601 192 1644 rem
223 1601 442 1664 quaererem«.
495 1601 582 1646 nunc
618 1602 696 1647 vero
728 1581 897 1664 propiores
930 1579 1081 1644 admovet
1101 1593 1135 1644 15

121 1669 275 1735 stimulos
294 1670 344 1735 vir
361 1669 469 1735 fortis.
491 1669 572 1735 haec
591 1691 685 1735 suum
703 1668 862 1754 negaret?
881 1672 914 1733 to
928 1670 1082 1753 parentes

120 1758 234 1824 liberis
254 1758 320 1824 suis
339 1762 533 1826 monstrant
556 1759 679 1825 scilicet
695 1758 801 1841 timet,
819 1779 859 1821 ne
878 1758 948 1842 †ad
962 1756 1084 1841 illam†

121 1850 292 1913 matronae
315 1847 522 1914 conveniant.
565 1849 594 1914 si
617 1870 651 1913 se
675 1851 813 1912 matrem
835 1844 1002 1927 fateretur,
1025 1844 1085 1908 ali·

122 1935 203 2021 quid
218 1936 358 2002 fortasse
372 1938 577 2003 inhonorem
596 1937 699 2021 ipsius
715 1938 871 2020 optasses.
899 1953 960 2018 ego
974 1933 1085 2016 miror,

123 2025 212 2110 quod
234 2030 292 2093 tuo
315 2048 422 2094 errore
445 2049 512 2092 non
535 2026 652 2092 utitur:
683 2028 716 2090 et
737 2026 897 2107 uteretur,
924 2023 953 2088 si
976 2043 1084 2087 errare
1103 2038 1138 2087 20

122 2118 157 2181 te
185 2115 338 2181 crederet.
383 2138 456 2182 cum
484 2137 562 2202 ergo
594 2137 661 2181 non
687 2114 796 2197 nubit,
824 2116 965 2179 aetatem
993 2134 1086 2177 suam

124 2204 303 2290 intellegit3
328 2227 425 2290 quam
448 2206 590 2290 impares
614 2205 696 2288 sitis,
718 2204 816 2272 videt.
855 2207 905 2268 ert
928 2202 1088 2288 quaedam

125 2294 227 2359 etiam
255 2294 397 2361 nubendi
425 2294 626 2379 inpudicitia.
672 2318 692 2361 a
718 2294 788 2359 viro
815 2293 881 2359 iarn
909 2313 968 2357 suo
999 2313 1088 2355 secu-

126 2383 235 2468 baret,
270 2385 381 2469 utique
418 2385 446 2450 si
481 2386 598 2451 aetatis
625 2384 722 2450 buius
750 2384 838 2447 filius
866 2378 1089 2447 interveniret.

126 2471 209 2537 haec
232 2472 261 2537 si
288 2474 409 2538 nubere
432 2473 562 2539 inistis
587 2474 681 2539 anuis
699 2476 818 2557 potest,
841 2467 1089 2554 quomodocum-
1107 2482 1142 2533 25

128 2582 200 2645 que,
223 2561 338 2645 dicam,
361 2567 465 2628 mater
483 2562 609 2629 incesta
627 2566 686 2646 est,
704 2564 738 2626 et
750 2581 882 2627 necesse
896 2561 956 2642 est,
974 2557 1090 2622 umbra

129 2650 248 2716 saltem
277 2651 409 2717 sceleris
436 2651 574 2718 laboret.
620 2674 676 2716 cur
703 2651 738 2715 in
764 2650 907 2714 fabulas·
926 2646 1002 2714 eat?
1034 2668 1091 2711 cur

129 2739 276 2805 habeant
306 2741 479 2806 materiam
506 2741 664 2826 maligni?
709 2739 764 2804 vix
796 2737 923 2804 absolvi
956 2736 1091 2821 nuptiae

130 2831 275 2913 possent,
298 2830 327 2895 si
344 2831 410 2895 iam
429 2831 542 2896 contra
559 2833 592 2894 te
609 2828 731 2895 iudices
750 2827 799 2893 illi
816 2827 1091 2912 pronuntiassent.

132 2917 211 3002 quid
233 2918 380 2985 futurum
410 2922 474 3004 est,
502 2920 530 2984 si
552 2918 633 2985 haec
656 2920 772 3003 perata
793 2917 893 2983 fuerit
914 2917 1036 2982 nubere
1060 2920 1093 2981 et
1112 2931 1146 2980 30

205 3117 219 3166 1
239 3110 305 3185 (si)
323 3112 381 3168 Aer
404 3114 413 3183 1
435 3118 453 3166 4
472 3112 588 3181 concepi
605 3117 628 3165 Δ
649 3113 659 3178 1
681 3118 696 3166 ⁷
716 3110 922 3181 agnoscitur,
946 3126 1014 3165 corr.
1034 3109 1093 3177 Ro;

131 3189 298 3255 agnosceret
315 3185 375 3240 cdd.
394 3186 404 3254 11
425 3190 458 3239 13
476 3184 601 3253 perdidit
619 3185 740 3252 1111117
760 3181 869 3239 libertis
888 3182 1009 3250 131118
1028 3180 1094 3235 illus

132 3256 227 3324 1120
245 3257 278 3310 ut
291 3260 311 3307 P
324 3258 334 3325 11
348 3261 381 3311 21
401 3272 450 3310 cur
469 3272 491 3311 e.
511 3273 539 3310 n.
558 3255 657 3310 nubit?
675 3256 735 3312 cdd.
749 3255 759 3325 1
772 3254 861 3309 nubat
877 3257 898 3304 B
913 3253 970 3321 1123
993 3255 1094 3322 turpe

131 3328 168 3384 δῖ
191 3326 322 3383 anubus
341 3327 468 3383 nubere
487 3329 533 3397 An
546 3326 706 3382 nubendum
723 3323 864 3396 pudicitie
881 3329 910 3393 B,
929 3323 1096 3379 nubentium

131 3399 199 3484 pud.
218 3403 238 3450 P
260 3401 270 3470 1
293 3399 394 3455 secub
413 3404 436 3452 Δ
458 3400 468 3471 1
491 3404 524 3454 25
545 3397 599 3470 [in]
618 3397 682 3453 istis
700 3397 772 3467 1101
790 3396 954 3464 cuicumque
973 3395 1015 3452 Gr
1032 3397 1044 3464 1
1061 3398 1095 3449 25

132 3472 241 3527 mcerta
257 3474 349 3540 111127
366 3469 523 3545 labosfsssret
540 3474 564 3525 Δ
