2386 3816
314 187 633 247 nnonanaulouns.
652 189 780 248 ocnxn.
980 193 1020 258 'll

62 354 179 434 servet,
209 356 277 417 tam
306 352 491 437 perditurus
519 354 626 420 aliena
648 355 789 440 luxuria,
821 378 918 441 quam
942 358 1022 424 sua?

59 462 114 507 our
137 441 223 507 enim
246 463 313 507 non
336 442 472 527 quisque
496 443 672 513 abutatur?

123 528 215 596 Haec
247 529 286 596 de
317 529 391 616 ipsa
418 532 491 617 lege
518 529 638 599 dixisse
665 533 746 620 satis
776 539 860 620 erat,
895 540 1022 602 remota

58 622 243 705 temporum
277 620 519 687 aestimatione:
550 643 635 687 nunc
665 621 845 707 videamus,
869 623 947 709 quid
971 625 1023 709 sit,
1156 673 1158 677 ,

57 712 192 793 propter
215 707 301 795 quod
323 714 476 793 ponatur.
520 709 738 795 „lirequentes¹
761 713 895 796 tyranni
918 713 1057 782 sunt.“s

57 795 218 882 Primum,
260 820 358 883 quam
389 799 536 885 iniquum
568 803 631 882 est,
670 798 744 866 ideo
776 800 862 885 quod
894 801 1021 887 aliquos

56 885 224 971 improbos
250 886 389 972 habeas,
416 887 488 953 exui
516 888 725 973 patrimoniis
755 890 900 973 paternis
923 894 1020 977 atque

54 976 154 1043 avitis
197 997 251 1041 eos
293 976 408 1057 etiam,
453 999 532 1062 quos
574 978 678 1043 bonos
715 999 786 1043 esse
823 979 909 1045 cives
946 1001 1020 1047 con·

55 1063 181 1130 stabit?
225 1087 303 1130 nam
339 1065 367 1131 si
403 1064 608 1151 tyrannidem
647 1066 814 1135 timemus:
851 1072 923 1133 erat
962 1067 1022 1134 ali-

56 1157 182 1239 quanto
206 1154 340 1239 aequius
363 1154 399 1219 in
421 1176 576 1240 personas
598 1177 719 1240 eorum,
741 1156 799 1242 qui
817 1161 951 1241 possent
974 1156 1022 1223 rei
1043 1177 1076 1229 10

55 1242 208 1327 publicae
233 1263 304 1309 essa
328 1243 483 1327 suspecti,
516 1242 614 1330 dirigi
637 1242 798 1330 actiones,
826 1267 924 1333 quam
946 1267 1022 1332 poe

56 1353 133 1399 nam
157 1353 228 1398 esse
250 1331 417 1419 publicam
440 1337 545 1398 metus
569 1329 621 1418 (ut
644 1331 766 1421 dicitis)
784 1333 915 1419 publici.
955 1334 1021 1401 Ad-

55 1420 115 1504 ice,
139 1419 226 1506 quod
248 1443 289 1487 ne
312 1421 486 1507 praecipua
514 1421 643 1508 quidem
671 1443 769 1491 causa
787 1427 838 1490 est
856 1422 1021 1492 adfectan-

57 1509 116 1576 dae
138 1509 322 1595 tyrannidis
346 1510 536 1598 magnitudo
558 1510 763 1585 facultatum.
809 1513 888 1598 quin
910 1536 950 1580 ex
972 1511 1019 1579 di·

56 1620 151 1665 verso
183 1598 313 1667 facilius
346 1600 509 1684 aliquanto
548 1601 776 1687 occupaverint
811 1600 1018 1687 tyrannidem
1041 1619 1073 1671 15

56 1687 105 1774 hi,
137 1710 277 1774 quorum
297 1689 411 1760 tracta
437 1689 537 1773 ratio,
568 1712 706 1776 quorum
737 1690 852 1757 clauda
879 1691 1020 1775 fortuna,

56 1777 176 1862 etqui
199 1782 286 1844 stara
308 1800 345 1845 re
367 1778 498 1864 publica
522 1779 613 1845 salva
634 1801 701 1844 nou
723 1782 871 1865 possunt.
906 1779 1022 1846 deinde

56 1867 140 1933 adeo
168 1889 236 1934 non
263 1867 419 1934 inhibetis
446 1867 511 1934 ista
537 1889 572 1933 re
599 1866 823 1952 tyrannidem,
854 1871 891 1932 ut
914 1869 943 1933 si
967 1868 1021 1951 qui

57 1956 93 2023 in
122 1957 255 2024 civitate
286 1961 401 2023 nostra
435 1955 602 2022 dementes
635 1960 725 2041 sunt,
758 1956 858 2022 etiam
890 1977 1022 2022 causam

56 2045 206 2119 habituri
233 2046 299 2112 sint
326 2044 534 2112 adfectandae
561 2043 752 2131 tyrannidis.
796 2066 873 2111 nam
897 2044 926 2110 si
948 2044 1021 2130 quis
1040 2063 1075 2120 20

55 2134 264 2219 tyrannidem
279 2139 423 2219 occupat,
436 2139 473 2201 ut
487 2134 593 2202 alicua
607 2133 694 2201 bona
707 2133 884 2220 possideat,
899 2137 1021 2222 quanto

56 2223 188 2292 facilius
217 2223 257 2290 ad
284 2224 494 2309 tyrannidem
519 2223 699 2311 perveniet,
726 2227 763 2289 ut
791 2244 850 2290 sua
872 2224 1024 2307 vindicet,

58 2335 120 2379 sua
143 2313 307 2398 recipiat?

454 2487 628 2558 GGLXII.

296 2614 450 2682 Maritus
472 2614 628 2696 uirginis
650 2615 789 2699 raptor.
1044 2594 1078 2646 ²⁵

35 2743 198 2811 aaran
225 2758 369 2808 anrunu
392 2758 445 2808 sm
468 2756 585 2808 nomo.
632 2740 696 2819 Qui
717 2740 861 2806 habebat
884 2759 1026 2825 uxorem,

150 2832 261 2917 rapuit
288 2830 458 2919 virginem.
508 2831 641 2916 nuptias
668 2833 765 2917 rapta
793 2829 934 2914 optavit3
969 2828 1026 2893 ille

153 2920 337 3007 repudiarit
359 2940 505 2986 uxorem:
531 2919 603 3006 agit
625 2917 683 2985 illa
705 2919 820 2985 iniusti
843 2910 978 3003 repudii.

135 3156 151 3206 2
172 3126 259 3237 quisd'
273 3155 293 3202 P
315 3152 325 3220 11
347 3155 365 3204 4
383 3148 590 3207 existimatione
608 3151 656 3226 Py
677 3155 692 3204 1
711 3165 745 3231 ⁰?
763 3149 820 3204 suis
839 3150 912 3218 patr.
931 3150 974 3218 111
995 3152 1029 3202 14

59 3224 242 3279 facultatium
261 3225 302 3274 Aa
325 3223 334 3290 1
358 3221 474 3276 adverso
493 3219 531 3293 (9)
550 3219 594 3276 Ro
616 3222 625 3290 11
650 3225 683 3275 lt
702 3217 854 3293 ahquaudo
873 3222 934 3290 AB,
959 3235 1029 3274 corr.

63 3312 117 3370 Seu
135 3314 193 3383 l1⁷
212 3294 273 3382 reip
291 3315 322 3378 Δ,
341 3309 370 3364 iu
388 3309 532 3380 republica
550 3314 570 3362 B
588 3311 598 3380 11
619 3307 768 3382 *[de]iude
787 3305 851 3392 (ξ)11
873 3311 906 3364 18
925 3307 1030 3364 instare

61 3389 157 3456 1110
177 3383 215 3438 st'
240 3387 285 3452 (=
300 3383 375 3454 sunt)
393 3385 414 3438 B
428 3383 437 3452 1
452 3381 499 3451 qui
518 3383 611 3452 Δ126
631 3379 758 3453 uxorem]
777 3384 885 3450 virgine
904 3383 925 3431 B
