<?xml version="1.0" encoding="UTF-8"?>
<!DOCTYPE html PUBLIC "-//W3C//DTD XHTML 1.0 Transitional//EN"
    "http://www.w3.org/TR/xhtml1/DTD/xhtml1-transitional.dtd">
<html xmlns="http://www.w3.org/1999/xhtml" xml:lang="en" lang="en">
 <head>
  <title>
</title>
<meta http-equiv="Content-Type" content="text/html;charset=utf-8" />
  <meta name='ocr-system' content='tesseract 3.04.00' />
  <meta name='ocr-capabilities' content='ocr_page ocr_carea ocr_par ocr_line ocrx_word'/>
</head>
<body>
  <div class='ocr_page' id='page_1' title='image "./mfabiiquintilia01rittgoog_0083.png"; bbox 0 0 2386 3816; ppageno 0'>
   <div class='ocr_carea' id='block_1_1' title="bbox 178 121 773 223">
    <p class='ocr_par' dir='ltr' id='par_1_1' title="bbox 178 121 773 223">
     <span class='ocr_line' id='line_1_1' title="bbox 178 121 773 223; baseline 0.01 -50"><span class='ocrx_word' id='word_1_1' title='bbox 178 125 229 223; x_wconf 33' lang='lat'>48·</span> <span class='ocrx_word' id='word_1_2' title='bbox 544 121 773 187; x_wconf 76' lang='lat' dir='ltr'>utrumnum</span> 
     </span>
    </p>
   </div>
   <div class='ocr_carea' id='block_1_2' title="bbox 90 286 1148 2251">
    <p class='ocr_par' dir='ltr' id='par_1_2' title="bbox 90 286 1147 726">
     <span class='ocr_line' id='line_1_2' title="bbox 246 286 1147 373; baseline -0.003 -21"><span class='ocrx_word' id='word_1_3' title='bbox 246 289 376 373; x_wconf 91' lang='lat' dir='ltr'>Imputo</span> <span class='ocrx_word' id='word_1_4' title='bbox 400 287 467 352; x_wconf 86' lang='lat' dir='ltr'>filio</span> <span class='ocrx_word' id='word_1_5' title='bbox 487 306 593 352; x_wconf 83' lang='lat' dir='ltr'>meum</span> <span class='ocrx_word' id='word_1_6' title='bbox 612 286 798 352; x_wconf 78' lang='lat' dir='ltr'><strong>orbitatem.</strong></span> <span class='ocrx_word' id='word_1_7' title='bbox 820 286 1044 371; x_wconf 89' lang='lat' dir='ltr'>respondebit:</span> <span class='ocrx_word' id='word_1_8' title='bbox 1057 307 1147 370; x_wconf 89' lang='lat' dir='ltr'>„non</span> 
     </span>
     <span class='ocr_line' id='line_1_3' title="bbox 179 374 1146 464; baseline -0.005 -20"><span class='ocrx_word' id='word_1_9' title='bbox 179 400 241 464; x_wconf 88' lang='lat' dir='ltr'>ego</span> <span class='ocrx_word' id='word_1_10' title='bbox 266 374 394 443; x_wconf 82' lang='lat' dir='ltr'>occidi“</span> <span class='ocrx_word' id='word_1_11' title='bbox 431 376 512 441; x_wconf 88' lang='lat' dir='ltr'>scio:</span> <span class='ocrx_word' id='word_1_12' title='bbox 535 397 608 440; x_wconf 85' lang='lat' dir='ltr'>mea</span> <span class='ocrx_word' id='word_1_13' title='bbox 630 397 730 440; x_wconf 89' lang='lat' dir='ltr'>manu</span> <span class='ocrx_word' id='word_1_14' title='bbox 753 376 964 463; x_wconf 53' lang='lat' dir='ltr'>lacrumae</span> <span class='ocrx_word' id='word_1_15' title='bbox 987 376 1058 459; x_wconf 89' lang='lat' dir='ltr'>ipse</span> <span class='ocrx_word' id='word_1_16' title='bbox 1083 395 1146 460; x_wconf 89' lang='lat' dir='ltr'>ego</span> 
     </span>
     <span class='ocr_line' id='line_1_4' title="bbox 178 463 1147 552; baseline -0.002 -22"><span class='ocrx_word' id='word_1_17' title='bbox 178 470 285 551; x_wconf 88' lang='lat' dir='ltr'>pater,</span> <span class='ocrx_word' id='word_1_18' title='bbox 309 466 364 551; x_wconf 90' lang='lat' dir='ltr'>qui</span> <span class='ocrx_word' id='word_1_19' title='bbox 392 485 580 551; x_wconf 77' lang='lat' dir='ltr'>genueram,</span> <span class='ocrx_word' id='word_1_20' title='bbox 603 465 659 548; x_wconf 91' lang='lat' dir='ltr'>qui</span> <span class='ocrx_word' id='word_1_21' title='bbox 682 464 906 548; x_wconf 76' lang='lat' dir='ltr'>educnvemm,</span> <span class='ocrx_word' id='word_1_22' title='bbox 938 463 1147 552; x_wconf 86' lang='lat' dir='ltr'>perviscera</span> 
     </span>
     <span class='ocr_line' id='line_1_5' title="bbox 179 553 1147 639; baseline -0.003 -19"><span class='ocrx_word' id='word_1_23' title='bbox 179 555 356 620; x_wconf 87' lang='lat' dir='ltr'>liberorum</span> <span class='ocrx_word' id='word_1_24' title='bbox 382 554 505 619; x_wconf 82' lang='lat' dir='ltr'>sermm</span> <span class='ocrx_word' id='word_1_25' title='bbox 529 554 630 639; x_wconf 82' lang='lat' dir='ltr'>exegi.</span> <span class='ocrx_word' id='word_1_26' title='bbox 675 553 770 619; x_wconf 90' lang='lat' dir='ltr'>credo</span> <span class='ocrx_word' id='word_1_27' title='bbox 794 553 882 619; x_wconf 89' lang='lat' dir='ltr'>enim</span> <span class='ocrx_word' id='word_1_28' title='bbox 904 553 980 638; x_wconf 87' lang='lat' dir='ltr'>tibi,</span> <span class='ocrx_word' id='word_1_29' title='bbox 1004 557 1038 618; x_wconf 91' lang='lat' dir='ltr'>et</span> <span class='ocrx_word' id='word_1_30' title='bbox 1060 553 1147 619; x_wconf 89' lang='lat' dir='ltr'>orbi·</span> 
     </span>
     <span class='ocr_line' id='line_1_6' title="bbox 90 641 1147 726; baseline -0.004 -16"><span class='ocrx_word' id='word_1_31' title='bbox 90 690 93 694; x_wconf 92' lang='lat'><em>-</em></span> <span class='ocrx_word' id='word_1_32' title='bbox 143 662 160 710; x_wconf 83' lang='lat' dir='ltr'>o</span> <span class='ocrx_word' id='word_1_33' title='bbox 179 647 282 710; x_wconf 87' lang='lat' dir='ltr'>tatem</span> <span class='ocrx_word' id='word_1_34' title='bbox 304 647 415 710; x_wconf 88' lang='lat' dir='ltr'>tamen</span> <span class='ocrx_word' id='word_1_35' title='bbox 437 643 497 709; x_wconf 90' lang='lat' dir='ltr'>tibi</span> <span class='ocrx_word' id='word_1_36' title='bbox 518 643 658 726; x_wconf 79' lang='lat' dir='ltr'>imput03</span> <span class='ocrx_word' id='word_1_37' title='bbox 681 643 745 708; x_wconf 87' lang='lat' dir='ltr'>tibi</span> <span class='ocrx_word' id='word_1_38' title='bbox 764 643 902 708; x_wconf 86' lang='lat' dir='ltr'>aestimo</span> <span class='ocrx_word' id='word_1_39' title='bbox 920 642 1015 708; x_wconf 89' lang='lat' dir='ltr'>illam</span> <span class='ocrx_word' id='word_1_40' title='bbox 1033 663 1074 707; x_wconf 87' lang='lat' dir='ltr'>ex</span> <span class='ocrx_word' id='word_1_41' title='bbox 1094 641 1147 708; x_wconf 90' lang='lat' dir='ltr'>die</span> 
     </span>
    </p>

    <p class='ocr_par' dir='ltr' id='par_1_3' title="bbox 179 730 1146 816">
     <span class='ocr_line' id='line_1_7' title="bbox 179 730 1146 816; baseline -0.001 -19"><span class='ocrx_word' id='word_1_42' title='bbox 179 733 244 798; x_wconf 90' lang='lat' dir='ltr'>mei</span> <span class='ocrx_word' id='word_1_43' title='bbox 263 732 397 798; x_wconf 89' lang='lat' dir='ltr'>doloris:</span> <span class='ocrx_word' id='word_1_44' title='bbox 417 730 574 816; x_wconf 89' lang='lat' dir='ltr'>quaedam</span> <span class='ocrx_word' id='word_1_45' title='bbox 592 732 744 815; x_wconf 88' lang='lat' dir='ltr'>ignorare</span> <span class='ocrx_word' id='word_1_46' title='bbox 763 731 870 796; x_wconf 88' lang='lat' dir='ltr'>simile</span> <span class='ocrx_word' id='word_1_47' title='bbox 886 752 953 797; x_wconf 91' lang='lat' dir='ltr'>non</span> <span class='ocrx_word' id='word_1_48' title='bbox 971 731 1061 815; x_wconf 89' lang='lat' dir='ltr'>passi</span> <span class='ocrx_word' id='word_1_49' title='bbox 1080 736 1146 814; x_wconf 80' lang='lat' dir='ltr'>est3</span> 
     </span>
    </p>

    <p class='ocr_par' dir='ltr' id='par_1_4' title="bbox 127 819 1148 1795">
     <span class='ocr_line' id='line_1_8' title="bbox 179 819 1145 907; baseline -0.001 -21"><span class='ocrx_word' id='word_1_50' title='bbox 179 825 256 887; x_wconf 87' lang='lat' dir='ltr'>tune</span> <span class='ocrx_word' id='word_1_51' title='bbox 278 821 398 887; x_wconf 87' lang='lat' dir='ltr'>liberos</span> <span class='ocrx_word' id='word_1_52' title='bbox 416 820 550 907; x_wconf 88' lang='lat' dir='ltr'>perdidi,</span> <span class='ocrx_word' id='word_1_53' title='bbox 573 841 646 885; x_wconf 92' lang='lat' dir='ltr'>oum</span> <span class='ocrx_word' id='word_1_54' title='bbox 664 819 843 904; x_wconf 80' lang='lat' dir='ltr'>perdidisse</span> <span class='ocrx_word' id='word_1_55' title='bbox 861 842 914 885; x_wconf 91' lang='lat' dir='ltr'>me</span> <span class='ocrx_word' id='word_1_56' title='bbox 933 820 1029 887; x_wconf 88' lang='lat' dir='ltr'>sensi.</span> <span class='ocrx_word' id='word_1_57' title='bbox 1061 823 1145 904; x_wconf 87' lang='lat' dir='ltr'>esto,</span> 
     </span>
     <span class='ocr_line' id='line_1_9' title="bbox 179 909 1143 996; baseline -0.001 -21"><span class='ocrx_word' id='word_1_58' title='bbox 179 931 313 996; x_wconf 86' lang='lat' dir='ltr'>gravem</span> <span class='ocrx_word' id='word_1_59' title='bbox 336 910 406 975; x_wconf 87' lang='lat' dir='ltr'>sine</span> <span class='ocrx_word' id='word_1_60' title='bbox 430 909 527 975; x_wconf 89' lang='lat' dir='ltr'>dubio</span> <span class='ocrx_word' id='word_1_61' title='bbox 552 909 702 974; x_wconf 86' lang='lat' dir='ltr'>menibus</span> <span class='ocrx_word' id='word_1_62' title='bbox 727 910 808 975; x_wconf 88' lang='lat' dir='ltr'>meis</span> <span class='ocrx_word' id='word_1_63' title='bbox 831 909 985 975; x_wconf 86' lang='lat' dir='ltr'>iniuriam</span> <span class='ocrx_word' id='word_1_64' title='bbox 1007 909 1143 975; x_wconf 84' lang='lat' dir='ltr'>fortuna</span> 
     </span>
     <span class='ocr_line' id='line_1_10' title="bbox 178 998 1144 1084; baseline -0.001 -20"><span class='ocrx_word' id='word_1_65' title='bbox 178 999 313 1084; x_wconf 79' lang='lat' dir='ltr'>fecerat3</span> <span class='ocrx_word' id='word_1_66' title='bbox 345 1001 500 1083; x_wconf 90' lang='lat' dir='ltr'>posuerat</span> <span class='ocrx_word' id='word_1_67' title='bbox 531 1001 643 1063; x_wconf 88' lang='lat' dir='ltr'>tamen</span> <span class='ocrx_word' id='word_1_68' title='bbox 669 998 765 1064; x_wconf 91' lang='lat' dir='ltr'>huius</span> <span class='ocrx_word' id='word_1_69' title='bbox 793 1000 841 1064; x_wconf 88' lang='lat' dir='ltr'>rei</span> <span class='ocrx_word' id='word_1_70' title='bbox 870 999 905 1063; x_wconf 92' lang='lat' dir='ltr'>in</span> <span class='ocrx_word' id='word_1_71' title='bbox 934 999 1006 1082; x_wconf 89' lang='lat' dir='ltr'>ipso</span> <span class='ocrx_word' id='word_1_72' title='bbox 1031 999 1144 1064; x_wconf 87' lang='lat' dir='ltr'>animo</span> 
     </span>
     <span class='ocr_line' id='line_1_11' title="bbox 127 1087 1145 1172; baseline -0.003 -16"><span class='ocrx_word' id='word_1_73' title='bbox 127 1106 160 1156; x_wconf 90' lang='lat'>10</span> <span class='ocrx_word' id='word_1_74' title='bbox 178 1088 356 1153; x_wconf 87' lang='lat' dir='ltr'>remedium</span> <span class='ocrx_word' id='word_1_75' title='bbox 379 1087 437 1153; x_wconf 92' lang='lat' dir='ltr'>illo</span> <span class='ocrx_word' id='word_1_76' title='bbox 460 1091 616 1171; x_wconf 88' lang='lat' dir='ltr'>tempore,</span> <span class='ocrx_word' id='word_1_77' title='bbox 638 1109 702 1172; x_wconf 89' lang='lat' dir='ltr'>quo</span> <span class='ocrx_word' id='word_1_78' title='bbox 726 1087 833 1152; x_wconf 83' lang='lat' dir='ltr'>furere</span> <span class='ocrx_word' id='word_1_79' title='bbox 852 1092 885 1152; x_wconf 87' lang='lat' dir='ltr'>ct</span> <span class='ocrx_word' id='word_1_80' title='bbox 903 1088 958 1170; x_wconf 84' lang='lat' dir='ltr'>agi</span> <span class='ocrx_word' id='word_1_81' title='bbox 976 1087 1145 1153; x_wconf 89' lang='lat' dir='ltr'>dementia</span> 
     </span>
     <span class='ocr_line' id='line_1_12' title="bbox 179 1175 1147 1262; baseline -0.001 -20"><span class='ocrx_word' id='word_1_82' title='bbox 179 1175 321 1242; x_wconf 83' lang='lat' dir='ltr'>videbar.</span> <span class='ocrx_word' id='word_1_83' title='bbox 342 1176 543 1262; x_wconf 84' lang='lat' dir='ltr'>frequentius</span> <span class='ocrx_word' id='word_1_84' title='bbox 567 1177 601 1240; x_wconf 88' lang='lat' dir='ltr'>in</span> <span class='ocrx_word' id='word_1_85' title='bbox 622 1197 660 1240; x_wconf 86' lang='lat' dir='ltr'>ea</span> <span class='ocrx_word' id='word_1_86' title='bbox 679 1176 877 1260; x_wconf 76' lang='lat' dir='ltr'>cogitatione</span> <span class='ocrx_word' id='word_1_87' title='bbox 896 1198 994 1259; x_wconf 85' lang='lat' dir='ltr'>eram,</span> <span class='ocrx_word' id='word_1_88' title='bbox 1016 1178 1054 1241; x_wconf 87' lang='lat' dir='ltr'>ut</span> <span class='ocrx_word' id='word_1_89' title='bbox 1073 1197 1147 1241; x_wconf 88' lang='lat' dir='ltr'>cre-</span> 
     </span>
     <span class='ocr_line' id='line_1_13' title="bbox 179 1264 1145 1331; baseline 0 -1"><span class='ocrx_word' id='word_1_90' title='bbox 179 1265 288 1331; x_wconf 88' lang='lat' dir='ltr'>derem</span> <span class='ocrx_word' id='word_1_91' title='bbox 320 1287 390 1331; x_wconf 77' lang='lat' dir='ltr'>esse</span> <span class='ocrx_word' id='word_1_92' title='bbox 420 1286 493 1330; x_wconf 91' lang='lat' dir='ltr'>oum</span> <span class='ocrx_word' id='word_1_93' title='bbox 519 1265 631 1330; x_wconf 88' lang='lat' dir='ltr'>liberis</span> <span class='ocrx_word' id='word_1_94' title='bbox 659 1264 818 1331; x_wconf 88' lang='lat' dir='ltr'>omnibus.</span> <span class='ocrx_word' id='word_1_95' title='bbox 864 1264 1031 1330; x_wconf 90' lang='lat' dir='ltr'>abstulisti</span> <span class='ocrx_word' id='word_1_96' title='bbox 1056 1264 1145 1331; x_wconf 90' lang='lat' dir='ltr'>mihi</span> 
     </span>
     <span class='ocr_line' id='line_1_14' title="bbox 178 1353 1147 1438; baseline 0.001 -20"><span class='ocrx_word' id='word_1_97' title='bbox 178 1354 400 1438; x_wconf 87' lang='lat' dir='ltr'>ignorantiam</span> <span class='ocrx_word' id='word_1_98' title='bbox 427 1353 594 1419; x_wconf 89' lang='lat' dir='ltr'>malorum.</span> <span class='ocrx_word' id='word_1_99' title='bbox 640 1359 760 1437; x_wconf 85' lang='lat' dir='ltr'>quanto</span> <span class='ocrx_word' id='word_1_100' title='bbox 789 1353 1006 1420; x_wconf 79' lang='lat' dir='ltr'>miserabilior</span> <span class='ocrx_word' id='word_1_101' title='bbox 1030 1353 1078 1418; x_wconf 85' lang='lat' dir='ltr'>fui</span> <span class='ocrx_word' id='word_1_102' title='bbox 1104 1375 1147 1419; x_wconf 81' lang='lat' dir='ltr'>ex</span> 
     </span>
     <span class='ocr_line' id='line_1_15' title="bbox 179 1442 1147 1526; baseline 0.003 -21"><span class='ocrx_word' id='word_1_103' title='bbox 179 1442 231 1506; x_wconf 84' lang='lat' dir='ltr'>die</span> <span class='ocrx_word' id='word_1_104' title='bbox 249 1463 340 1508; x_wconf 88' lang='lat' dir='ltr'>meae</span> <span class='ocrx_word' id='word_1_105' title='bbox 354 1442 521 1507; x_wconf 84' lang='lat' dir='ltr'>sanitatis!</span> <span class='ocrx_word' id='word_1_106' title='bbox 539 1442 697 1509; x_wconf 84' lang='lat' dir='ltr'>furiosum</span> <span class='ocrx_word' id='word_1_107' title='bbox 717 1466 769 1509; x_wconf 92' lang='lat' dir='ltr'>me</span> <span class='ocrx_word' id='word_1_108' title='bbox 787 1465 855 1509; x_wconf 92' lang='lat' dir='ltr'>non</span> <span class='ocrx_word' id='word_1_109' title='bbox 873 1443 919 1508; x_wconf 88' lang='lat' dir='ltr'>sio</span> <span class='ocrx_word' id='word_1_110' title='bbox 938 1442 1051 1526; x_wconf 84' lang='lat' dir='ltr'>cecidi3</span> <span class='ocrx_word' id='word_1_111' title='bbox 1072 1446 1147 1508; x_wconf 91' lang='lat' dir='ltr'>tum</span> 
     </span>
     <span class='ocr_line' id='line_1_16' title="bbox 128 1531 1148 1617; baseline 0.003 -20"><span class='ocrx_word' id='word_1_112' title='bbox 128 1549 160 1599; x_wconf 81' lang='lat'>15</span> <span class='ocrx_word' id='word_1_113' title='bbox 179 1531 322 1596; x_wconf 89' lang='lat' dir='ltr'>lacerare</span> <span class='ocrx_word' id='word_1_114' title='bbox 350 1536 469 1613; x_wconf 83' lang='lat' dir='ltr'>vestes,</span> <span class='ocrx_word' id='word_1_115' title='bbox 498 1535 569 1596; x_wconf 90' lang='lat' dir='ltr'>tum</span> <span class='ocrx_word' id='word_1_116' title='bbox 595 1532 767 1597; x_wconf 84' lang='lat' dir='ltr'>verberare</span> <span class='ocrx_word' id='word_1_117' title='bbox 795 1532 905 1598; x_wconf 87' lang='lat' dir='ltr'>vultus</span> <span class='ocrx_word' id='word_1_118' title='bbox 928 1553 1017 1596; x_wconf 89' lang='lat' dir='ltr'>meos</span> <span class='ocrx_word' id='word_1_119' title='bbox 1042 1533 1148 1617; x_wconf 85' lang='lat' dir='ltr'>coepi.</span> 
     </span>
     <span class='ocr_line' id='line_1_17' title="bbox 179 1620 1148 1707; baseline 0.003 -24"><span class='ocrx_word' id='word_1_120' title='bbox 179 1620 290 1684; x_wconf 91' lang='lat' dir='ltr'>omnia</span> <span class='ocrx_word' id='word_1_121' title='bbox 311 1621 413 1706; x_wconf 89' lang='lat' dir='ltr'>igitur</span> <span class='ocrx_word' id='word_1_122' title='bbox 435 1620 515 1685; x_wconf 88' lang='lat' dir='ltr'>haec</span> <span class='ocrx_word' id='word_1_123' title='bbox 537 1642 605 1687; x_wconf 92' lang='lat' dir='ltr'>non</span> <span class='ocrx_word' id='word_1_124' title='bbox 626 1621 660 1685; x_wconf 93' lang='lat' dir='ltr'>in</span> <span class='ocrx_word' id='word_1_125' title='bbox 684 1621 783 1686; x_wconf 88' lang='lat' dir='ltr'>aliam</span> <span class='ocrx_word' id='word_1_126' title='bbox 806 1621 870 1686; x_wconf 85' lang='lat' dir='ltr'>rim</span> <span class='ocrx_word' id='word_1_127' title='bbox 892 1621 996 1705; x_wconf 87' lang='lat' dir='ltr'>accipi</span> <span class='ocrx_word' id='word_1_128' title='bbox 1014 1620 1148 1707; x_wconf 87' lang='lat' dir='ltr'>debent,</span> 
     </span>
     <span class='ocr_line' id='line_1_18' title="bbox 179 1709 1144 1795; baseline 0.004 -23"><span class='ocrx_word' id='word_1_129' title='bbox 179 1730 277 1792; x_wconf 89' lang='lat' dir='ltr'>quam</span> <span class='ocrx_word' id='word_1_130' title='bbox 305 1710 333 1773; x_wconf 91' lang='lat' dir='ltr'>si</span> <span class='ocrx_word' id='word_1_131' title='bbox 360 1709 447 1775; x_wconf 90' lang='lat' dir='ltr'>filios</span> <span class='ocrx_word' id='word_1_132' title='bbox 470 1731 559 1775; x_wconf 90' lang='lat' dir='ltr'>meos</span> <span class='ocrx_word' id='word_1_133' title='bbox 583 1709 653 1794; x_wconf 87' lang='lat' dir='ltr'>ipse</span> <span class='ocrx_word' id='word_1_134' title='bbox 676 1710 863 1794; x_wconf 86' lang='lat' dir='ltr'>occidisses,</span> <span class='ocrx_word' id='word_1_135' title='bbox 894 1731 992 1795; x_wconf 90' lang='lat' dir='ltr'>quam</span> <span class='ocrx_word' id='word_1_136' title='bbox 1015 1710 1045 1774; x_wconf 89' lang='lat' dir='ltr'>si</span> <span class='ocrx_word' id='word_1_137' title='bbox 1068 1710 1144 1794; x_wconf 87' lang='lat' dir='ltr'>ipse</span> 
     </span>
    </p>

    <p class='ocr_par' dir='ltr' id='par_1_5' title="bbox 180 1796 1143 1885">
     <span class='ocr_line' id='line_1_19' title="bbox 180 1796 1143 1885; baseline 0.002 -23"><span class='ocrx_word' id='word_1_138' title='bbox 180 1796 378 1864; x_wconf 81' lang='lat' dir='ltr'>abstulisses.</span> <span class='ocrx_word' id='word_1_139' title='bbox 406 1797 490 1863; x_wconf 89' lang='lat' dir='ltr'>unde</span> <span class='ocrx_word' id='word_1_140' title='bbox 511 1801 638 1863; x_wconf 89' lang='lat' dir='ltr'>tantum</span> <span class='ocrx_word' id='word_1_141' title='bbox 656 1798 744 1883; x_wconf 84' lang='lat' dir='ltr'>boni,</span> <span class='ocrx_word' id='word_1_142' title='bbox 766 1802 805 1864; x_wconf 88' lang='lat' dir='ltr'>ut</span> <span class='ocrx_word' id='word_1_143' title='bbox 821 1798 955 1864; x_wconf 86' lang='lat' dir='ltr'>reddere</span> <span class='ocrx_word' id='word_1_144' title='bbox 973 1799 1083 1885; x_wconf 89' lang='lat' dir='ltr'>possis</span> <span class='ocrx_word' id='word_1_145' title='bbox 1102 1800 1143 1864; x_wconf 90' lang='lat' dir='ltr'>il-</span> 
     </span>
    </p>

    <p class='ocr_par' dir='ltr' id='par_1_6' title="bbox 180 1887 800 1969">
     <span class='ocr_line' id='line_1_20' title="bbox 180 1887 800 1969; baseline 0.002 -18"><span class='ocrx_word' id='word_1_146' title='bbox 180 1887 248 1952; x_wconf 93' lang='lat' dir='ltr'>lam</span> <span class='ocrx_word' id='word_1_147' title='bbox 271 1888 498 1969; x_wconf 86' lang='lat' dir='ltr'>valetudinem,</span> <span class='ocrx_word' id='word_1_148' title='bbox 521 1887 613 1952; x_wconf 91' lang='lat' dir='ltr'>illum</span> <span class='ocrx_word' id='word_1_149' title='bbox 635 1887 800 1954; x_wconf 82' lang='lat' dir='ltr'>furorem?</span> 
     </span>
    </p>

    <p class='ocr_par' dir='ltr' id='par_1_7' title="bbox 126 1975 1146 2251">
     <span class='ocr_line' id='line_1_21' title="bbox 126 1975 1146 2061; baseline 0.002 -20"><span class='ocrx_word' id='word_1_150' title='bbox 126 1993 160 2043; x_wconf 81' lang='lat'>20</span> <span class='ocrx_word' id='word_1_151' title='bbox 247 1975 338 2051; x_wconf 82' lang='lat' dir='ltr'>Quod</span> <span class='ocrx_word' id='word_1_152' title='bbox 361 1999 461 2043; x_wconf 91' lang='lat' dir='ltr'>unum</span> <span class='ocrx_word' id='word_1_153' title='bbox 484 1998 618 2061; x_wconf 87' lang='lat' dir='ltr'>possum</span> <span class='ocrx_word' id='word_1_154' title='bbox 640 1980 807 2061; x_wconf 86' lang='lat' dir='ltr'>praestare</span> <span class='ocrx_word' id='word_1_155' title='bbox 825 1976 1056 2042; x_wconf 81' lang='lat' dir='ltr'>infelicissimis</span> <span class='ocrx_word' id='word_1_156' title='bbox 1076 1978 1146 2042; x_wconf 88' lang='lat' dir='ltr'>illis</span> 
     </span>
     <span class='ocr_line' id='line_1_22' title="bbox 178 2063 1146 2151; baseline 0.005 -24"><span class='ocrx_word' id='word_1_157' title='bbox 178 2063 349 2129; x_wconf 87' lang='lat' dir='ltr'>iuvenibus</span> <span class='ocrx_word' id='word_1_158' title='bbox 377 2067 472 2149; x_wconf 88' lang='lat' dir='ltr'>meis,</span> <span class='ocrx_word' id='word_1_159' title='bbox 505 2065 693 2151; x_wconf 90' lang='lat' dir='ltr'>praestabo:</span> <span class='ocrx_word' id='word_1_160' title='bbox 725 2087 765 2130; x_wconf 91' lang='lat' dir='ltr'>ne</span> <span class='ocrx_word' id='word_1_161' title='bbox 794 2065 866 2151; x_wconf 87' lang='lat' dir='ltr'>quis</span> <span class='ocrx_word' id='word_1_162' title='bbox 895 2087 1007 2131; x_wconf 91' lang='lat' dir='ltr'>eorum</span> <span class='ocrx_word' id='word_1_163' title='bbox 1037 2071 1146 2132; x_wconf 89' lang='lat' dir='ltr'>morte</span> 
     </span>
     <span class='ocr_line' id='line_1_23' title="bbox 179 2151 1072 2251; baseline 0.007 -36"><span class='ocrx_word' id='word_1_164' title='bbox 179 2151 328 2236; x_wconf 77' lang='lat' dir='ltr'>gaudeat,</span> <span class='ocrx_word' id='word_1_165' title='bbox 351 2174 392 2218; x_wconf 89' lang='lat' dir='ltr'>ne</span> <span class='ocrx_word' id='word_1_166' title='bbox 416 2154 468 2218; x_wconf 91' lang='lat' dir='ltr'>oui</span> <span class='ocrx_word' id='word_1_167' title='bbox 490 2155 603 2238; x_wconf 81' lang='lat' dir='ltr'>prosit,</span> <span class='ocrx_word' id='word_1_168' title='bbox 626 2154 710 2239; x_wconf 91' lang='lat' dir='ltr'>quod</span> <span class='ocrx_word' id='word_1_169' title='bbox 726 2153 821 2251; x_wconf 21' lang='lat' dir='ltr'>*filios</span> <span class='ocrx_word' id='word_1_170' title='bbox 845 2157 935 2221; x_wconf 88' lang='lat' dir='ltr'>meos</span> <span class='ocrx_word' id='word_1_171' title='bbox 959 2154 1072 2221; x_wconf 89' lang='lat' dir='ltr'>occidi.</span> 
     </span>
    </p>
   </div>
   <div class='ocr_carea' id='block_1_3' title="bbox 256 2327 989 2540">
    <p class='ocr_par' dir='ltr' id='par_1_8' title="bbox 256 2327 989 2540">
     <span class='ocr_line' id='line_1_24' title="bbox 574 2327 739 2397; baseline 0.006 -1"><span class='ocrx_word' id='word_1_172' title='bbox 574 2327 739 2397; x_wconf 75' lang='grc' dir='ltr'><strong>ΟΟΙΝΙΙ.</strong></span> 
     </span>
     <span class='ocr_line' id='line_1_25' title="bbox 256 2454 989 2540; baseline 0.004 -19"><span class='ocrx_word' id='word_1_173' title='bbox 256 2454 265 2471; x_wconf 79' lang='grc'><strong>“</strong></span> <span class='ocrx_word' id='word_1_174' title='bbox 338 2454 488 2540; x_wconf 81' lang='lat' dir='ltr'>Nuptiae</span> <span class='ocrx_word' id='word_1_175' title='bbox 506 2454 604 2522; x_wconf 87' lang='lat' dir='ltr'>inter</span> <span class='ocrx_word' id='word_1_176' title='bbox 626 2455 859 2524; x_wconf 86' lang='lat' dir='ltr'>inimicorum</span> <span class='ocrx_word' id='word_1_177' title='bbox 881 2456 989 2524; x_wconf 84' lang='lat' dir='ltr'>filios.</span> 
     </span>
    </p>
   </div>
   <div class='ocr_carea' id='block_1_4' title="bbox 125 2579 1143 3108">
    <p class='ocr_par' dir='ltr' id='par_1_9' title="bbox 125 2579 1143 3026">
     <span class='ocr_line' id='line_1_26' title="bbox 125 2579 1143 2669; baseline 0.007 -26"><span class='ocrx_word' id='word_1_178' title='bbox 125 2594 159 2643; x_wconf 76' lang='lat'>25</span> <span class='ocrx_word' id='word_1_179' title='bbox 180 2579 241 2656; x_wconf 84' lang='lat' dir='ltr'>Qui</span> <span class='ocrx_word' id='word_1_180' title='bbox 272 2579 416 2645; x_wconf 89' lang='lat' dir='ltr'>habebat</span> <span class='ocrx_word' id='word_1_181' title='bbox 438 2580 542 2645; x_wconf 88' lang='lat' dir='ltr'>filium</span> <span class='ocrx_word' id='word_1_182' title='bbox 564 2584 597 2645; x_wconf 90' lang='lat' dir='ltr'>et</span> <span class='ocrx_word' id='word_1_183' title='bbox 620 2580 755 2646; x_wconf 84' lang='lat' dir='ltr'>divitem</span> <span class='ocrx_word' id='word_1_184' title='bbox 777 2581 957 2667; x_wconf 88' lang='lat' dir='ltr'>inimicum,</span> <span class='ocrx_word' id='word_1_185' title='bbox 985 2587 1099 2669; x_wconf 89' lang='lat' dir='ltr'>captus</span> <span class='ocrx_word' id='word_1_186' title='bbox 1123 2607 1143 2650; x_wconf 88' lang='lat' dir='ltr'>a</span> 
     </span>
     <span class='ocr_line' id='line_1_27' title="bbox 268 2668 1142 2756; baseline 0.009 -25"><span class='ocrx_word' id='word_1_187' title='bbox 268 2668 385 2752; x_wconf 85' lang='lat' dir='ltr'>piratis</span> <span class='ocrx_word' id='word_1_188' title='bbox 409 2669 541 2754; x_wconf 82' lang='lat' dir='ltr'>scripsit</span> <span class='ocrx_word' id='word_1_189' title='bbox 562 2669 630 2735; x_wconf 86' lang='lat' dir='ltr'>filio</span> <span class='ocrx_word' id='word_1_190' title='bbox 654 2669 693 2736; x_wconf 89' lang='lat' dir='ltr'>de</span> <span class='ocrx_word' id='word_1_191' title='bbox 716 2669 947 2756; x_wconf 87' lang='lat' dir='ltr'>redemptione.</span> <span class='ocrx_word' id='word_1_192' title='bbox 987 2671 1045 2737; x_wconf 88' lang='lat' dir='ltr'>ille</span> <span class='ocrx_word' id='word_1_193' title='bbox 1069 2695 1142 2739; x_wconf 91' lang='lat' dir='ltr'>cum</span> 
     </span>
     <span class='ocr_line' id='line_1_28' title="bbox 268 2757 1141 2843; baseline 0.008 -23"><span class='ocrx_word' id='word_1_194' title='bbox 268 2757 438 2841; x_wconf 89' lang='lat' dir='ltr'>pecuniam</span> <span class='ocrx_word' id='word_1_195' title='bbox 466 2779 530 2823; x_wconf 92' lang='lat' dir='ltr'>non</span> <span class='ocrx_word' id='word_1_196' title='bbox 559 2757 708 2843; x_wconf 86' lang='lat' dir='ltr'>haberet,</span> <span class='ocrx_word' id='word_1_197' title='bbox 738 2759 891 2825; x_wconf 86' lang='lat' dir='ltr'>offerente</span> <span class='ocrx_word' id='word_1_198' title='bbox 915 2761 1014 2826; x_wconf 86' lang='lat' dir='ltr'>divite</span> <span class='ocrx_word' id='word_1_199' title='bbox 1038 2761 1141 2827; x_wconf 87' lang='lat' dir='ltr'>filiam</span> 
     </span>
     <span class='ocr_line' id='line_1_29' title="bbox 269 2845 1141 2936; baseline 0.008 -27"><span class='ocrx_word' id='word_1_200' title='bbox 269 2867 373 2928; x_wconf 85' lang='lat' dir='ltr'>suam,</span> <span class='ocrx_word' id='word_1_201' title='bbox 402 2845 493 2911; x_wconf 84' lang='lat' dir='ltr'>duxit</span> <span class='ocrx_word' id='word_1_202' title='bbox 521 2868 592 2912; x_wconf 88' lang='lat' dir='ltr'>eam</span> <span class='ocrx_word' id='word_1_203' title='bbox 619 2847 654 2912; x_wconf 91' lang='lat' dir='ltr'>in</span> <span class='ocrx_word' id='word_1_204' title='bbox 682 2848 926 2914; x_wconf 87' lang='lat' dir='ltr'>matrimonium</span> <span class='ocrx_word' id='word_1_205' title='bbox 950 2855 982 2914; x_wconf 91' lang='lat' dir='ltr'>et</span> <span class='ocrx_word' id='word_1_206' title='bbox 1004 2852 1141 2936; x_wconf 88' lang='lat' dir='ltr'>pecunia</span> 
     </span>
     <span class='ocr_line' id='line_1_30' title="bbox 269 2935 1140 3026; baseline 0.01 -28"><span class='ocrx_word' id='word_1_207' title='bbox 269 2935 380 3017; x_wconf 76' lang='lat' dir='ltr'>(eius)</span> <span class='ocrx_word' id='word_1_208' title='bbox 411 2935 548 3000; x_wconf 88' lang='lat' dir='ltr'>redemit</span> <span class='ocrx_word' id='word_1_209' title='bbox 570 2940 707 3021; x_wconf 88' lang='lat' dir='ltr'>patrem.</span> <span class='ocrx_word' id='word_1_210' title='bbox 748 2959 896 3004; x_wconf 86' lang='lat' dir='ltr'>reversus</span> <span class='ocrx_word' id='word_1_211' title='bbox 919 2938 975 3004; x_wconf 91' lang='lat' dir='ltr'>ille</span> <span class='ocrx_word' id='word_1_212' title='bbox 999 2940 1140 3026; x_wconf 89' lang='lat' dir='ltr'>imperet</span> 
     </span>
    </p>

    <p class='ocr_par' dir='ltr' id='par_1_10' title="bbox 126 3023 838 3108">
     <span class='ocr_line' id='line_1_31' title="bbox 126 3023 838 3108; baseline 0.006 -21"><span class='ocrx_word' id='word_1_213' title='bbox 126 3039 160 3087; x_wconf 84' lang='lat'>30</span> <span class='ocrx_word' id='word_1_214' title='bbox 269 3028 307 3088; x_wconf 92' lang='lat' dir='ltr'>ut</span> <span class='ocrx_word' id='word_1_215' title='bbox 330 3023 487 3108; x_wconf 79' lang='lat' dir='ltr'>dimittat3</span> <span class='ocrx_word' id='word_1_216' title='bbox 509 3024 676 3090; x_wconf 89' lang='lat' dir='ltr'>nolentem</span> <span class='ocrx_word' id='word_1_217' title='bbox 701 3025 838 3092; x_wconf 88' lang='lat' dir='ltr'>abdicat.</span> 
     </span>
    </p>
   </div>
   <div class='ocr_carea' id='block_1_5' title="bbox 176 3199 1140 3485">
    <p class='ocr_par' dir='ltr' id='par_1_11' title="bbox 176 3199 1140 3485">
     <span class='ocr_line' id='line_1_32' title="bbox 250 3199 1140 3272; baseline 0.012 -22"><span class='ocrx_word' id='word_1_218' title='bbox 250 3203 264 3250; x_wconf 92' lang='lat'>1</span> <span class='ocrx_word' id='word_1_219' title='bbox 284 3214 347 3254; x_wconf 88' lang='lat' dir='ltr'>mco</span> <span class='ocrx_word' id='word_1_220' title='bbox 366 3202 424 3268; x_wconf 74' lang='lat' dir='ltr'>AB,</span> <span class='ocrx_word' id='word_1_221' title='bbox 443 3199 565 3255; x_wconf 64' lang='lat' dir='ltr'>comalio</span> <span class='ocrx_word' id='word_1_222' title='bbox 578 3201 587 3268; x_wconf 89' lang='grc' dir='ltr'>ΙΙ</span> <span class='ocrx_word' id='word_1_223' title='bbox 602 3205 617 3255; x_wconf 78' lang='lat'>2</span> <span class='ocrx_word' id='word_1_224' title='bbox 632 3208 717 3255; x_wconf 84' lang='lat' dir='ltr'>manu</span> <span class='ocrx_word' id='word_1_225' title='bbox 735 3201 752 3265; x_wconf 53' lang='grc' dir='ltr'>γ’</span> <span class='ocrx_word' id='word_1_226' title='bbox 767 3203 861 3258; x_wconf 88' lang='lat' dir='ltr'>actum</span> <span class='ocrx_word' id='word_1_227' title='bbox 875 3206 895 3254; x_wconf 82' lang='lat' dir='ltr'>B</span> <span class='ocrx_word' id='word_1_228' title='bbox 910 3205 949 3272; x_wconf 70' lang='lat' dir='ltr'>lss</span> <span class='ocrx_word' id='word_1_229' title='bbox 969 3205 1013 3258; x_wconf 88' lang='lat' dir='ltr'>est</span> <span class='ocrx_word' id='word_1_230' title='bbox 1030 3204 1054 3259; x_wconf 87' lang='lat' dir='ltr'>is</span> <span class='ocrx_word' id='word_1_231' title='bbox 1073 3207 1140 3260; x_wconf 91' lang='lat' dir='ltr'>tune</span> 
     </span>
     <span class='ocr_line' id='line_1_33' title="bbox 176 3270 1140 3344; baseline 0.01 -24"><span class='ocrx_word' id='word_1_232' title='bbox 176 3270 221 3338; x_wconf 73' lang='grc' dir='ltr'>ΒΙΙ</span> <span class='ocrx_word' id='word_1_233' title='bbox 237 3275 269 3323; x_wconf 85' lang='grc'>10</span> <span class='ocrx_word' id='word_1_234' title='bbox 289 3287 316 3323; x_wconf 88' lang='lat' dir='ltr'>m</span> <span class='ocrx_word' id='word_1_235' title='bbox 335 3272 367 3325; x_wconf 76' lang='lat' dir='ltr'>iu</span> <span class='ocrx_word' id='word_1_236' title='bbox 383 3287 469 3340; x_wconf 79' lang='lat' dir='ltr'>morp.</span> <span class='ocrx_word' id='word_1_237' title='bbox 489 3275 512 3324; x_wconf 74' lang='lat' dir='ltr'>A</span> <span class='ocrx_word' id='word_1_238' title='bbox 531 3273 541 3341; x_wconf 82' lang='grc' dir='ltr'>ΙΙ</span> <span class='ocrx_word' id='word_1_239' title='bbox 561 3278 591 3325; x_wconf 92' lang='grc'>11</span> <span class='ocrx_word' id='word_1_240' title='bbox 613 3272 786 3341; x_wconf 79' lang='lat' dir='ltr'>gogitatione</span> <span class='ocrx_word' id='word_1_241' title='bbox 804 3277 881 3328; x_wconf 70' lang='lat'><em>13-12</em></span> <span class='ocrx_word' id='word_1_242' title='bbox 899 3276 908 3343; x_wconf 72' lang='lat' dir='ltr'>{l</span> <span class='ocrx_word' id='word_1_243' title='bbox 928 3280 960 3328; x_wconf 88' lang='lat'>13</span> <span class='ocrx_word' id='word_1_244' title='bbox 979 3274 1140 3344; x_wconf 84' lang='lat' dir='ltr'>ignorantia</span> 
     </span>
     <span class='ocr_line' id='line_1_34' title="bbox 176 3341 1138 3485; baseline 0.011 -93"><span class='ocrx_word' id='word_1_245' title='bbox 176 3341 330 3485; x_wconf 49' lang='lat' dir='ltr'>3&lt;iids8&gt;lffi</span> <span class='ocrx_word' id='word_1_246' title='bbox 348 3357 397 3397; x_wconf 86' lang='lat' dir='ltr'>om.</span> <span class='ocrx_word' id='word_1_247' title='bbox 417 3347 437 3395; x_wconf 85' lang='lat'>1’</span> <span class='ocrx_word' id='word_1_248' title='bbox 459 3345 468 3411; x_wconf 72' lang='lat' dir='ltr'>ll</span> <span class='ocrx_word' id='word_1_249' title='bbox 493 3349 526 3398; x_wconf 79' lang='lat'>19</span> <span class='ocrx_word' id='word_1_250' title='bbox 544 3341 729 3398; x_wconf 80' lang='lat' dir='ltr'>valitudinem</span> <span class='ocrx_word' id='word_1_251' title='bbox 748 3348 797 3397; x_wconf 74' lang='lat' dir='ltr'>AB</span> <span class='ocrx_word' id='word_1_252' title='bbox 820 3349 829 3413; x_wconf 83' lang='grc' dir='ltr'>[Ι</span> <span class='ocrx_word' id='word_1_253' title='bbox 853 3352 886 3400; x_wconf 80' lang='lat'>26</span> <span class='ocrx_word' id='word_1_254' title='bbox 906 3344 1012 3415; x_wconf 83' lang='lat' dir='ltr'>piretus</span> <span class='ocrx_word' id='word_1_255' title='bbox 1032 3352 1054 3400; x_wconf 79' lang='grc' dir='ltr'><strong>Δ</strong></span> <span class='ocrx_word' id='word_1_256' title='bbox 1077 3350 1138 3417; x_wconf 63' lang='lat'>0129</span> 
     </span>
    </p>
   </div>
   <div class='ocr_carea' id='block_1_6' title="bbox 0 0 1199 3816">
    <p class='ocr_par' dir='ltr' id='par_1_12' title="bbox 0 0 1199 3816">
     <span class='ocr_line' id='line_1_35' title="bbox 0 0 1199 3816; baseline 0 0"><span class='ocrx_word' id='word_1_257' title='bbox 0 0 1199 3816; x_wconf 95' lang='lat' dir='ltr'> </span> 
     </span>
    </p>
   </div>
  </div>
 </body>
</html>
