2386 3816
165 139 233 212 128
528 131 766 210 cerneremur

163 311 193 375 si
206 332 263 395 per
276 309 361 374 hanc
379 307 528 391 stetisset,
550 309 588 371 ut
601 310 714 390 raptor
726 303 858 389 periret,
870 339 913 351 —
928 322 1135 389 quamquam

162 420 295 485 possem
317 398 437 463 dicere:
465 390 638 461 illud‘non
666 394 806 480 optavit,
833 396 868 459 et
896 392 965 479 legi
987 413 1057 458 non
1080 395 1136 456 est

165 487 390 553 satisfactum<
417 522 454 532 -—
483 484 621 551 haberet
647 487 759 549 tamen
788 483 935 568 aliquem
966 481 1136 547 rationem

165 577 282 641 saltem
303 576 389 641 falsa
411 576 480 639 eius
504 573 677 639 calumnia.
708 592 794 638 nunc
817 571 894 656 quid
912 569 992 636 fecit
1008 569 1135 656 puelle,

129 668 202 730 sut
223 669 336 750 raptor
363 662 565 730 moreretur?
610 661 725 747 Itaque
750 661 828 726 huic
849 682 917 726 non
939 662 1073 726 tantum
1096 660 1136 724 in

163 754 227 820 hoc
247 755 342 820 labor
360 757 419 838 est,
442 755 479 817 ut
496 752 584 817 bona
602 750 743 836 raptoris
763 749 917 835 accipiat:
941 748 998 814 sed
1015 746 1133 815 inille

164 845 269 910 maior
297 843 477 929 aliquanto,
503 846 540 906 ut
566 841 660 906 vobis
685 838 852 924 adprobet,
874 837 951 923 qnid
975 839 1135 924 optatura

163 931 277 1017 fuerit,
310 932 338 997 si
365 933 497 997 viveret,
523 929 622 995 ‘duas
651 930 737 995 enim
769 928 840 993 sine
871 928 970 993 dubio
1004 948 1133 1012 poenas

57 1062 63 1070 ·
166 1020 319 1087 aduersus
352 1024 519 1106 raptorem
545 1019 599 1084 lex
631 1017 815 1102 constituit,
846 1017 986 1083 alteram
1017 1019 1134 1082 tamen

113 1125 147 1175 10
165 1110 291 1176 mitem:
315 1132 375 1176 nec
398 1130 525 1194 semper
546 1107 789 1192 hac†cogitatu
806 1109 840 1172 et
856 1105 1133 1193 publicatatcru·

165 1199 229 1264 deli
251 1201 310 1266 illu
333 1203 366 1264 et
388 1198 600 1282 sanguinario
622 1199 760 1263 tenetur.
791 1195 953 1280 hodieque
977 1195 1131 1280 [alioqui]

163 1311 271 1354 nonne
294 1287 412 1353 merito
436 1310 456 1352 a
478 1286 583 1372 vobis,
613 1285 730 1352 merito
759 1307 779 1350 a
801 1284 933 1351 civitate
955 1284 1133 1368 reprehen-

165 1376 306 1461 deretur,
340 1376 368 1441 si
401 1375 491 1441 aliud
522 1397 589 1441 non
621 1374 763 1460 optando
790 1375 853 1441 hoc
881 1373 1069 1440 ostenderet
1099 1377 1133 1440 et

164 1465 278 1531 fecisse
300 1468 474 1549 raptorem,
498 1463 584 1550 quod
605 1464 678 1548 ipsa
701 1468 789 1529 esset
810 1462 988 1549 optatura?

112 1569 146 1618 1⁶
231 1554 315 1621 Hine
336 1557 508 1620 transeunt
531 1554 572 1619 ad
595 1553 814 1619 coniecturam
838 1556 871 1619 et
889 1552 1050 1637 suspicari
1068 1574 1130 1619 ros

164 1643 278 1708 volunt
300 1664 350 1727 ea,
373 1665 455 1729 quae
480 1644 619 1729 probare
641 1662 708 1708 non
730 1644 878 1727 possunt.
922 1663 1008 1726 „non
1031 1642 1132 1728 enim,

163 1731 330 1818 inquipnt,
362 1736 413 1797 est
439 1733 593 1798 credibile
620 1732 801 1817 periturum
829 1731 932 1797 fuisse
954 1734 1133 1816 ruptorem,

164 1821 227 1886 nisi
250 1822 312 1888 hoc
336 1825 524 1908 optaturum
547 1822 663 1888 scisset
683 1818 857 1907 puellam.“
897 1820 986 1886 Ante
1009 1821 1131 1904 omnia,

165 1932 238 1976 cum
261 1911 380 1977 dicitur
402 1912 519 1997 scisse,
545 1910 628 1979 illud
651 1909 841 1996 ostenditur,
864 1931 961 1995 posse
984 1909 1132 1995 probari,

112 2000 327 2084 ecquomodo
351 2001 468 2067 scierit.
500 2022 620 2086 quaero
645 1997 732 2065 enim
757 2022 776 2064 a
798 2000 891 2065 vobis
915 1998 997 2084 ipsis
1016 1998 1132 2064 adver-

164 2088 272 2172 sariis,
296 2088 458 2173 quomodo
482 2089 645 2173 colligatis
669 2088 769 2155 scisse
794 2111 880 2174 eum,
903 2109 977 2154 cum
999 2109 1068 2154 non
1090 2088 1131 2154 li-

164 2180 263 2260 queat
280 2177 342 2242 hoc
361 2177 478 2242 vobis?
502 2179 530 2242 si
549 2177 626 2263 quid
646 2181 705 2261 est,
725 2177 849 2244 adferte
868 2181 902 2243 et
920 2177 961 2242 ad
978 2177 1129 2268 ’pudicum

163 2286 263 2330 unum
287 2268 514 2352 argumentum
543 2271 594 2333 est
620 2266 696 2351 <id>
720 2267 841 2353 ipsum,
870 2266 965 2352 quod.
983 2265 1130 2351 perierit.

161 2353 225 2420 hoc
248 2355 377 2421 etiamsi
399 2356 515 2422 mortis
539 2357 624 2422 fecit
639 2361 742 2442 metu,
769 2356 878 2441 potuit
899 2359 1011 2421 tamen
1033 2360 1130 2423 natu·

111 2443 276 2510 ruraliter
302 2443 403 2510 fuisse
431 2446 579 2511 timidus:
607 2446 706 2511 etiam
732 2445 825 2511 nullo
857 2448 991 2530 accepto
1023 2445 1129 2532 signo,

162 2533 409 2619 propterquod
437 2534 539 2601 vitam
567 2534 767 2619 desperaret,
799 2534 988 2600 confusione
1016 2539 1130 2601 tamen

164 2625 197 2685 et
219 2623 351 2707 proprio
376 2623 479 2688 animi
502 2624 553 2689 sui
576 2623 700 2708 perisse
724 2628 824 2690 motu
858 2645 944 2689 nunc
963 2643 1040 2689 vero
1060 2646 1129 2691 cre·

164 2708 262 2775 dibile
284 2716 427 2792 nonest,
451 2734 645 2798 quemquam
663 2712 769 2799 perire
789 2714 904 2779 mortis
922 2716 1020 2779 metu.
1049 2713 1129 2798 quid

163 2799 249 2864 enim
272 2800 383 2866 timuit
403 2802 565 2868 alterius?
595 2825 694 2888 quare
718 2803 818 2869 etiam
837 2802 1021 2868 credibilius
1041 2803 1128 2869 vide

109 2903 144 2951 30
162 2890 216 2952 tur
235 2889 326 2974 mihi,
343 2890 462 2956 idcirco
481 2893 605 2976 perisse
624 2913 707 2977 eum,
727 2893 813 2979 quod
830 2895 1016 2978 optaturam
1034 2892 1126 2977 puel·

161 2976 227 3040 lam
246 2978 332 3044 bona
351 2980 561 3048 existimaret.
592 2984 670 3048 sunt
689 2982 774 3048 euim
792 2981 948 3068 plerique,
967 2981 1023 3069 qui
1042 3004 1128 3049 mor-

235 3088 248 3135 1
268 3081 341 3138 hanc
359 3085 439 3139 testis
459 3084 509 3139 sed
522 3088 579 3155 ΑΒ,
598 3101 667 3142 corr.
678 3087 735 3143 Aer
748 3088 757 3156 ΙΙ
771 3093 787 3141 2
801 3085 953 3156 legen-P
965 3089 975 3157 ll
989 3092 1004 3141 3
1020 3087 1126 3144 habere

161 3155 190 3218 B,
209 3153 342 3209 haberdl’
356 3157 365 3225 ΙΙ
379 3162 395 3209 4
413 3156 589 3226 puellamAa
601 3159 640 3228 tlt
659 3158 740 3213 nobis
753 3163 773 3210 B
788 3160 797 3228 ΙΙ
810 3158 908 3229 *quod
917 3163 965 3210 An
979 3158 989 3229 ΙΙ
1002 3164 1019 3214 8
1033 3160 1127 3215 fuerat

161 3227 182 3277 B
204 3225 213 3293 ΙΙ
238 3230 271 3279 10
294 3243 347 3281 nec
366 3244 450 3297 saepe
469 3225 499 3282 in
516 3226 570 3282 bac
589 3228 722 3284 comitate
740 3229 855 3300 publica
873 3229 909 3301 (2)
928 3229 973 3287 Ro
994 3231 1004 3300 ll
1030 3237 1061 3286 11
1081 3232 1127 3288 illi

161 3299 209 3376 A}
223 3297 233 3367 i
247 3299 424 3367 sanguinario
443 3303 475 3368 Δ,
493 3299 690 3370 sanguinariae
709 3305 738 3368 B,
758 3317 828 3356 corr.
842 3303 899 3357 Aer
912 3303 922 3372 ss
935 3301 1080 3373 *alioquin
1092 3308 1125 3371 A,

204 3367 268 3436 oqui
285 3374 314 3437 lt,
333 3371 460 3442 exclusit!
476 3376 508 3425 14
526 3370 639 3426 fecisset
656 3375 676 3422 B
696 3373 706 3443 l
721 3379 754 3428 17
773 3374 829 3445 est]
849 3389 909 3429 esse
927 3375 1018 3445 Plltt
1038 3376 1126 3433 liceat

224 3442 252 3495 lt
269 3440 341 3516 (id)
357 3441 404 3499 Bo
414 3445 427 3514 t
440 3448 474 3499 29
493 3442 611 3500 alterius
630 3446 688 3513 AB,
706 3459 778 3500 corr.
797 3445 851 3501 Aer
864 3445 992 3514 llquaere
1010 3450 1034 3498 Δ
