2386 3816
437 193 652 250 PRAEFATIO.
945 194 1024 250 XVII

58 350 260 424 usurpantur,
282 363 427 423 persaepe
451 346 734 422 praetereaaliqua
752 347 853 420 rerba,
876 365 953 423 quae
967 365 1022 422 per

57 444 236 520 compendia
267 464 328 504 non
358 443 489 504 multum
522 443 723 518 discrepantia
754 443 834 503 inter
866 462 899 503 se
931 444 1023 503 scribi

55 543 171 617 solent,
192 542 310 602 mumta
330 543 409 602 inter
428 559 472 615 se,
495 539 592 600 veluti
609 542 711 600 tamen
730 545 760 601 et
778 543 907 618 tantum,
931 541 1023 601 etiam

57 637 112 697 nbi
134 638 167 698 in
189 637 266 697 B-et
286 639 319 698 in
335 638 359 697 P
378 636 514 698 omnibus
533 635 631 695 literis
649 656 792 714 expressa
810 641 888 699 sunt.
928 639 1023 715 Atqui

55 739 141 796 certe
162 753 223 795 non
245 737 323 798 tanti
346 752 411 796 esee
434 735 556 809 poterat
578 733 655 794 iiber
678 735 703 793 B
726 735 871 812 Ugoleto,
895 735 923 795 si
942 736 1023 795 idem

57 833 256 893 vetustiorem
273 834 359 892 illum
377 831 489 891 librum
509 846 599 889 suum
615 831 756 892 habebat.
789 832 969 910 Haeoergo,
988 836 1023 892 ut

56 931 161 1006 paneis
185 933 335 1007 repetam,
358 928 395 988 de
419 927 557 987 omnibus
580 927 641 988 illis
663 948 791 1005 quorum
813 929 936 989 initium
957 931 1023 989 erat

55 1031 118 1086 aut·
131 1030 180 1087 est
199 1045 226 1086 a
236 1026 452 1088 declamatione
468 1025 530 1084 252
545 1025 654 1102 media,
676 1027 763 1087 libris
774 1028 865 1087 velim
880 1030 1021 1093 statuere.

58 1123 156 1184 Vetus
181 1125 334 1200 exemplar
355 1124 449 1182 fuisse
469 1142 575 1182 unum:
598 1124 678 1199 quod
695 1125 847 1200 primoin·
861 1123 1022 1184 Germania
1070 1113 1074 1122 ’

59 1222 129 1281 usui
160 1221 255 1282 fuisse
284 1221 445 1298 Agricolae
478 1210 526 1300 (et
556 1221 655 1281 nescio
688 1240 727 1281 an
759 1221 850 1282 etiam
884 1220 1022 1282 Cornelio

56 1318 215 1395 Agrippae
228 1319 265 1379 cf.
279 1339 309 1394 p.
326 1320 365 1379 16
380 1312 424 1398 n),
438 1321 503 1379 tum
517 1317 699 1383 translatum
715 1317 857 1398 Senama
870 1316 1022 1395 Campano

58 1415 226 1491 inspectum
249 1433 331 1494 esse,
353 1414 459 1475 deinde
482 1432 538 1490 per
560 1415 682 1492 aliquod
705 1417 824 1492 tempus
848 1434 1022 1477 concessum

59 1505 228 1594 Ugoleto*)
251 1532 376 1590 eumque
400 1514 462 1574 suis
481 1514 585 1575 usibus
606 1517 636 1573 et
654 1513 878 1589 praeparandae
898 1513 1022 1573 editioni
1139 1551 1141 1556 ι

58 1609 172 1668 librum
185 1610 389 1686 descripsisse,
402 1608 584 1686 descriptum
599 1610 731 1688 eleganti
741 1611 891 1684 scriptura
900 1609 1021 1686 librum,

60 1707 271 1771 nonamneem
292 1710 428 1768 nostrum
448 1707 482 1783 B,
504 1707 616 1767 iteruin
639 1706 869 1767 describendum
891 1725 1022 1779 curasse,

58 1790 94 1864 nt
122 1803 210 1864 tieret
238 1797 460 1884 exemplum*²i)
488 1803 601 1880 operis,
630 1803 709 1879 qnod
731 1820 853 1879 pessum
875 1803 919 1862 ire
943 1803 1023 1862 inter

58 1921 164 1962 eorum
191 1920 305 1962 manus·
325 1920 385 1964 non
412 1904 491 1963 tanti
518 1906 607 1965 esset.
653 1901 768 1960 Eodem
795 1900 858 1959 fere
887 1903 1021 1975 tempore

58 1999 152 2059 etiam
185 1997 365 2075 chigianum
397 2000 508 2061 librum
541 1999 564 2060 Ο
596 2018 634 2059 ex
665 1998 717 2057 illo
749 1999 869 2058 vetusto
898 1996 1023 2059 Senensi

131 2231 157 2300 *)
179 2229 233 2296 Qui
258 2231 376 2286 eundem
399 2229 536 2300 Campani
560 2233 589 2287 et
610 2229 724 2301 Ugoleti
748 2229 852 2284 librum
876 2246 936 2285 esse
959 2246 1021 2300 per·

18 2342 25 2352 .
59 2301 179 2358 suadere
203 2301 257 2356 sibi
281 2300 338 2357 non
360 2304 505 2372 poterunt,
528 2301 664 2357 facillime
683 2316 829 2357 commune
848 2301 959 2369 utrique
978 2319 1021 2356 ar·

60 2374 215 2445 ohetypum
238 2373 356 2445 sument.
394 2371 449 2428 Sed
473 2390 510 2428 ne
527 2372 599 2427 illud
618 2371 733 2442 quidem
751 2374 831 2427 extra
849 2388 959 2427 omnem
978 2389 1022 2427 ra·

58 2444 178 2513 tionem,
193 2443 293 2512 siquis
308 2444 404 2499 credat
416 2442 520 2498 librum
534 2442 650 2514 Ugoleti
664 2459 698 2497 ex
713 2442 912 2513 Campaniano,
931 2443 1020 2496 multo

58 2515 179 2570 fortasm
194 2516 259 2570 ante
274 2514 357 2583 quain
371 2513 568 2569 transferretur
581 2512 611 2568 in
624 2514 746 2583 Italiam,
763 2530 823 2568 esse
838 2512 1019 2582 descriptum.

60 2621 199 2676 Tabulam
217 2620 305 2690 igitur
322 2618 507 2675 illustrandae
525 2621 566 2675 rei
620 2619 676 2675 Sed
689 2636 725 2674 ne
739 2610 812 2674 tales
827 2618 942 2689 quidem
952 2619 1021 2673 ima·

132 2692 207 2746 hano
224 2707 381 2761 proponere
399 2691 498 2746 velim:
642 2692 721 2761 ginee
736 2691 834 2759 utique
847 2690 935 2745 falsae
948 2688 1021 2744 iudi-

644 2763 759 2831 candae,
769 2761 867 2831 quales
877 2762 931 2816 hae
942 2762 1023 2815 sunt:

135 2832 197 2889 cod.
216 2831 282 2915 Agr.
302 2832 398 2903 Camp.
418 2833 500 2902 Ugol.
821 2887 843 2940 Α
882 2927 888 2940 ¹
908 2885 975 2940 Cam
994 2905 1003 2939 ¹·

291 3012 293 3017 .
327 2959 333 3026 l
647 2959 651 3024 Ι
895 2960 900 3024 1

269 3042 369 3069 μὴ

598 3040 698 3067 „a-
848 3040 948 3067 „a-

259 3081 278 3136 C
357 3083 379 3137 B
448 3082 514 3151 Agr.
531 3081 626 3150 Oamp.
681 3079 762 3149 Ugol.
837 3079 857 3134 C
919 3079 972 3150 Ug.

355 3156 373 3278 i
518 3155 538 3278 i
700 3156 723 3277 Β1
736 3225 788 3278 etc.
933 3155 955 3276 ii
969 3223 1022 3279 eto.

133 3471 173 3536 aa)
191 3471 271 3535 Quod
286 3472 444 3542 exemplum
464 3474 602 3538 editionis
622 3476 754 3540 literali
772 3480 929 3539 notamus.

100 3561 235 3608 Quintiliani
248 3567 312 3623 decl,
328 3570 361 3613 ed,
376 3573 465 3622 Bitter.
873 3571 898 3628 lp
