2386 3816
484 169 701 226 PRAEFATIO.
1048 172 1073 226 V

108 319 318 397 significentur
346 321 385 380 ad
412 321 571 381 tractanda
596 322 732 413 themata
760 322 882 382 uberius
911 324 1074 401 proposita,

110 437 187 494 quae
211 421 367 494 tamquam
385 418 508 478 admota
525 437 616 477 mann
635 418 788 495 discipulis
806 421 888 481 viam
906 424 1074 481 monstrent

110 519 142 575 et
154 517 225 592 plus
239 535 330 591 quam
344 515 426 575 nuda
439 516 493 574 illa
507 516 613 577 divisio
629 518 865 579 subministrent.
894 519 1001 596 Itaque
1014 538 1074 579 non

109 615 243 674 alienum
270 613 429 673 videamur
455 615 567 687 facere,
599 615 625 673 si
653 615 855 677 divisiones
884 621 919 676 et
946 635 1074 692 paren·

110 712 277 772 chireses
310 712 549 772 inscriberemus.
596 711 737 772 Ceterum
767 715 861 774 fuisse
891 716 968 775 libro
996 716 1074 773 hunc

111 810 237 869 titulum
260 828 320 869 non
344 811 557 886 contenderim,
580 812 760 884 praesertim
782 831 850 871 cum
872 812 919 870 illi
941 812 1074 888 capitum

110 906 193 965 tituli
221 905 440 966 dubitationem
468 906 602 966 habeant
628 910 659 966 et
687 909 726 968 ab
749 909 870 969 Halmio
893 929 910 969 e
934 913 1075 970 contextu

110 1005 274 1064 verborum
297 1004 328 1062 in
345 1009 531 1081 apparatum
553 1000 808 1090 remoueanturd‘)
968 991 970 994 ⁵

178 1111 279 1188 Magis
302 1111 457 1187 probabile
480 1112 570 1189 illud,
599 1117 635 1172 ut
658 1115 749 1174 artis
773 1115 980 1176 rhetoricae
1003 1115 1074 1174 titu-

111 1210 174 1267 lum
201 1207 316 1269 demus.
362 1206 458 1277 Quam
491 1210 571 1269 enim
604 1211 676 1270 olim
707 1213 860 1287 professus
894 1211 1075 1273 sententiam

112 1325 178 1366 sum
202 1301 335 1387 (quintil.
354 1307 495 1383 Declam,
514 1328 542 1383 p.
558 1309 621 1368 255
637 1301 710 1390 sq.):
733 1311 820 1370 cuius
838 1312 886 1371 hic
904 1311 1076 1386 fragmenta

112 1409 278 1465 tractamus
302 1405 414 1464 librum
434 1423 500 1464 esse
519 1406 646 1465 eundem
665 1409 751 1467 illum
771 1411 821 1486 qui
841 1412 1026 1470 memoratur
1043 1407 1075 1464 in

112 1505 181 1566 inst.
200 1522 243 1564 cr.
264 1503 279 1561 I
297 1523 341 1579 pr.
363 1505 459 1580 7-8,
478 1504 566 1563 hodie
586 1523 704 1582 quoque
722 1508 819 1567 teneo
856 1507 1020 1567 Attamen
1037 1523 1075 1564 ne

113 1602 156 1660 ita
176 1601 300 1678 quidem
317 1602 496 1676 inscriptum
514 1603 542 1660 ei
559 1601 653 1662 fuisse
672 1605 768 1663 ausim
787 1624 842 1680 pro
861 1607 942 1664 certo
956 1623 1075 1680 ponere.

115 1699 221 1776 ltaque
244 1718 282 1759 ne
305 1703 419 1766 temere
438 1702 470 1759 et
488 1700 586 1761 obiter
604 1701 708 1761 videar
727 1721 803 1778 quae
816 1702 918 1763 adhuc
936 1702 1075 1779 placuere

114 1801 303 1873 aspernatus,
331 1817 392 1856 non
419 1802 502 1859 muto
531 1817 620 1874 quem
647 1799 763 1875 priores
792 1801 939 1860 editiones
961 1801 1076 1861 babent

113 1896 236 1954 titulum
260 1895 577 1957 declamationum:
600 1900 721 1957 maneat
743 1898 795 1956 ille
819 1898 951 1974 quidem3
971 1899 1024 1957 sed
1044 1899 1075 1957 id

113 1994 181 2068 plus
215 2012 306 2070 quam
338 2013 558 2071 supervacuum
589 1999 625 2054 ut
652 1994 799 2055 adiciatur
827 1988 997 2056 ‘minorum'
1026 1997 1075 2056 vel

113 2083 199 2166 ‘qnae
228 2085 398 2166 putantur&
443 2092 540 2153 Docui
563 2095 643 2153 enim
666 2093 698 2153 et
722 2088 982 2174 demonstravi**)
1007 2112 1075 2153 esse

112 2187 185 2248 haec
208 2188 426 2266 Quintilianea‚
450 2191 580 2250 alterum
602 2192 678 2250 illud
701 2211 807 2268 corpus
830 2191 978 2252 maiorum
1001 2211 1074 2268 quas

113 2285 252 2346 dicebant
283 2287 536 2348 declamationum
568 2289 646 2349 falso
674 2287 852 2360 Quintiliani
878 2290 998 2349 nomine
1024 2309 1075 2366 ap-

112 2384 226 2461 pellari
1011 2398 1013 2402 '

182 2596 207 2660 *)
228 2591 309 2647 Licet
331 2592 427 2646 tamon
448 2608 506 2647 non
529 2593 585 2648 sint
609 2593 645 2648 ab
669 2592 732 2663 ipso
752 2592 925 2659 Quintiliano
949 2595 1074 2663 praefixi,

114 2663 149 2718 ad
166 2663 384 2733 grammaticum
403 2665 477 2718 certe
496 2664 589 2719 nescio
608 2681 689 2732 quem
709 2665 864 2734 pertinent,
882 2681 973 2734 neque
992 2664 1074 2721 intel-

114 2733 207 2804 legere
226 2751 341 2806 possum
360 2733 445 2789 unde>
456 2737 526 2790 nata
543 2735 581 2790 sit
598 2734 650 2790 illa
667 2735 894 2804 parenchireseos
913 2753 979 2804 vox,
1003 2754 1075 2806 quae

114 2805 198 2861 semel
226 2805 296 2861 alibi
324 2806 410 2875 (apud
439 2804 613 2877 Ciceronem)
640 2807 752 2877 legatur
781 2823 842 2860 cnm
871 2807 1074 2877 significatione

112 2893 226 2945 prorsus
245 2877 310 2946 alia,
329 2877 384 2932 nisi
402 2878 508 2933 usitata
527 2878 719 2948 grammaticis
738 2877 800 2932 fuit.

167 2966 210 3036 **)
229 2965 333 3022 Docuit
355 2967 450 3036 potius
474 2970 504 3021 et
527 2967 596 3022 satis
615 2967 737 3022 dilucide
757 2966 900 3035 omnibus,
924 2968 971 3036 qui
991 2969 1075 3024 modo

113 3037 202 3093 velint
219 3038 403 3108 perpendere,
422 3039 551 3108 exposuit
569 3040 599 3093 in
617 3055 668 3092 sua
686 3037 810 3094 editione
828 3038 978 3108 Aerodiua3
1003 3056 1075 3108 quas

114 3109 221 3180 egregii
239 3108 294 3164 viri
313 3109 453 3164 sententia
470 3113 503 3164 ut
520 3110 634 3165 caderet
650 3110 679 3163 in
694 3109 866 3165 oblivionem
880 3109 945 3164 inde
959 3109 1075 3179 factum,

114 3181 189 3249 quod
207 3179 267 3235 eina
285 3179 382 3248 editio,
402 3198 465 3235 cum
483 3180 544 3236 sola
561 3181 721 3235 Parmensis
741 3181 909 3235 auctoritate
928 3181 1074 3251 niteretur,

113 3252 179 3322 post
200 3252 348 3322 vulgatum
371 3251 498 3308 codicem
520 3253 797 3322 Montepessulannm
816 3251 861 3319 (A)
884 3269 941 3307 non
964 3255 1077 3321 poterat

113 3323 188 3378 ultra
211 3326 276 3379 cum'
299 3323 400 3378 ceteris
423 3323 600 3379 contendere.
637 3323 700 3393 Ipse
720 3323 876 3392 conquisivi
894 3322 1009 3377 Aerodii
1032 3340 1076 3378 ar·

183 3397 251 3450 enta
264 3396 294 3449 et
307 3394 469 3450 confirmavi
483 3399 563 3451 tanta
577 3395 690 3452 adiecta
704 3395 792 3467 mole,
808 3395 844 3452 ut
856 3396 1092 3468 persuasumst.-

151 3482 197 3519 am
213 3481 270 3519 non
287 3465 389 3520 Iterum
406 3465 470 3523 sore
489 3471 523 3525 ut
540 3470 748 3546 neglegantur.
