2386 3816
362 152 682 220 DECLAMATIONE&
701 156 806 213 CGLX.
1021 159 1063 223 67

93 316 187 404 quid,
200 317 254 382 vel
267 319 404 404 propter.
420 317 508 403 quod
521 319 710 384 moriantur.
736 323 787 385 tot
804 320 875 406 hos,
894 344 976 407 quos
995 323 1064 388 obi-

93 406 182 491 citis,
196 404 287 490 (nam
299 407 431 474 turbam
450 429 577 494 quoque
595 408 818 475 abdicatorum
833 432 905 475 esse
920 411 1063 497 dixistis)

95 495 242 562 emittite
265 496 375 562 subito
396 496 510 582 nudos,
532 497 677 562 omnium
703 519 836 584 egenos:
859 499 982 584 ipsisne
1005 500 1063 566 ali·

95 585 174 670 quis
197 585 320 670 poterit
336 585 449 670 irasci,
472 586 500 650 si
519 585 596 671 quid
613 585 772 652 fecerint?
795 589 823 652 si
841 589 875 653 in
888 589 1063 656 latrocinia

95 694 135 740 se
148 675 349 760 praedasque
364 674 537 740 miserint?
555 675 795 760 quantumlibet
808 677 926 743 animis
939 679 1062 745 nostris
1082 694 1098 744 5

94 764 318 849 remittamus,
349 785 388 829 ac
416 768 522 830 totam
549 764 769 831 innocentiam
800 764 968 832 credamus
992 789 1061 835 esse

94 851 330 939 persuasionis,
342 853 482 919 multum
500 857 615 918 contra
631 854 791 919 iustitiam
809 856 988 920 necessitas
1008 879 1061 921 va·

94 943 154 1007 let
199 961 237 1008 ae
267 942 296 1006 si
322 941 406 1007 nihil
436 941 590 1007 adversus
618 943 714 1028 alios,
743 943 896 1009 adversus
919 965 952 1008 se
975 950 1062 1009 certe

95 1031 203 1096 multa
229 1029 391 1096 iecissent.
442 1029 634 1097 oruatamne
670 1054 739 1096 rem
769 1032 932 1117 publicam
965 1037 1061 1118 atque

95 1120 256 1204 adiutam,
284 1119 418 1200 iudices,
445 1119 632 1203 crederetis,
661 1122 688 1185 si
716 1121 833 1186 horum
862 1121 1061 1188 fortissimus
1081 1138 1115 1188 10

95 1209 235 1295 quisque
257 1209 401 1275 venisset
422 1209 458 1274 in
478 1208 591 1274 ludum
614 1215 713 1294 atque
737 1209 889 1274 arenam?
912 1211 941 1275 si
964 1211 1061 1294 paulo

95 1299 230 1364 mollior
246 1297 337 1364 frons
357 1299 397 1363 ad
416 1299 578 1383 laqueum,
592 1297 633 1362 ad
651 1298 852 1384 praecipitia,
865 1299 906 1365 ad
922 1301 1062 1384 qualem·

96 1408 235 1474 cumque
257 1388 344 1453 vitae
366 1387 557 1453 festinasset
579 1387 724 1453 exitum?
750 1391 821 1453 tum
840 1389 955 1454 civitas
974 1389 1062 1474 felix,

95 1481 169 1543 tum
191 1492 345 1542 numerus
368 1476 431 1542 iste
454 1477 560 1541 minus
583 1476 762 1542 invidiosus
784 1476 923 1543 fuisset?

164 1565 266 1649 Volo,
296 1565 430 1647 iudices,
463 1565 577 1631 relicta
603 1567 669 1630 iam
696 1565 771 1650 hac,
798 1588 895 1651 quam
923 1566 963 1632 ad
991 1589 1060 1632 rem
1082 1581 1114 1630 15

96 1656 262 1741 publicam
281 1654 458 1740 composui,
480 1653 678 1739 defensione,
695 1656 837 1720 transire
855 1656 896 1721 ad
915 1676 981 1739 eos,
1005 1657 1061 1740 qui

96 1745 270 1830 praecipue
288 1745 388 1810 irasci
405 1743 565 1828 videntur,
586 1748 697 1829 patres
716 1743 787 1810 dico
806 1745 906 1828 ipsos,
929 1745 986 1828 qui
1004 1745 1061 1810 ab·

96 1834 294 1900 dicaverunt.
317 1833 434 1918 quibus
452 1832 514 1897 hoc
532 1832 683 1916 primum,
703 1832 836 1916 iudices,
853 1833 939 1897 dico:
962 1854 1060 1916 quam

98 1923 234 2008 scriptis
256 1921 431 1988 iniuriam?
470 1921 566 1986 malis
590 1943 648 1986 voa
671 1942 750 1986 sane
772 1920 847 1985 filiis
870 1921 1004 1984 levastis
1028 1927 1061 1984 et

97 2016 274 2078 nonnata
286 2015 363 2077 sunt
380 2015 490 2076 restra
508 2011 712 2096 patrimonia.
737 2008 834 2074 sinite
847 2009 924 2074 illos
937 2010 1060 2093 perisse
1080 2024 1114 2075 20

96 2103 141 2188 si,
162 2101 255 2168 velut
272 2101 436 2186 expositos
454 2101 491 2164 in
509 2099 618 2184 aliqua
636 2098 809 2164 solitudine
827 2098 937 2162 autin
957 2097 1062 2163 maria

98 2191 278 2277 proiectos,
298 2190 380 2256 nihil
403 2190 444 2255 ad
466 2190 610 2254 animum
633 2192 787 2271 vestrum,
808 2187 889 2252 nihil
913 2187 954 2253 ad
977 2188 1062 2272 cogi·

97 2281 242 2347 mones
263 2280 442 2364 pertinere:
464 2279 630 2344 fortunam
654 2278 717 2343 sibi
735 2282 903 2361 quaerunt.
925 2276 1001 2361 quid
1021 2277 1061 2341 ad

97 2391 173 2455 ros,
204 2369 282 2455 quid
315 2369 394 2453 sint,
430 2373 604 2452 postquam
638 2366 739 2432 vestri
772 2388 842 2431 esse
875 2365 1061 2430 desierunt?

97 2459 207 2525 renati
234 2462 310 2524 sunt
337 2478 521 2542 novumque
547 2457 652 2522 fatum
681 2454 918 2540 quodammodo
943 2453 1115 2519 sortitiae

98 2569 179 2614 num
200 2547 359 2614 insidiam
381 2547 475 2613 vobis
497 2546 643 2612 faciunt?
686 2545 749 2612 hoc
777 2544 864 2608 enim
888 2541 1061 2608 malebatis

98 2637 250 2723 sonasse,
272 2641 311 2702 nt
323 2637 426 2702 oculis
444 2635 562 2701 vestris
576 2634 734 2700 sordidati
748 2634 1006 2716 obversarentur,
1025 2634 1062 2695 ut

97 2726 208 2812 inpexi
238 2725 439 2812 squalidique
472 2723 679 2790 incederent?
720 2721 899 2788 verecunde
930 2721 1061 2786 nomine

99 2815 280 2882 severitatis
302 2813 526 2880 dissimulatur
544 2817 653 2878 vestra
671 2810 859 2880 erudelitas:
879 2810 984 2874 minus
1003 2831 1062 2873 vos

174 3033 188 3081 1
207 3027 283 3095 qued
302 3041 352 3082 om.
363 3030 384 3077 P
397 3025 407 3094 ΙΙ
420 3023 542 3079 abiicitis
556 3021 622 3092 1(?)
639 3027 664 3077 et
682 3022 741 3077 aaa.
756 3023 765 3090 i
779 3021 932 3090 2*quoque
950 3019 1062 3074 turbam

100 3103 124 3152 Δ
136 3102 177 3170 μ
196 3098 220 3152 si
236 3097 301 3167 quis
318 3095 395 3164 1111
410 3101 426 3150 e
445 3111 478 3151 ae
495 3095 616 3150 nmltum
629 3093 807 3148 innocentiae
822 3092 901 3160 (dat.)
917 3091 1062 3146 credamus

102 3170 194 3226 inesse
212 3182 285 3240 pera.
305 3167 343 3238 (9)
363 3167 407 3222 Ro
431 3170 440 3237 ΙΙ
464 3173 481 3222 8
499 3165 550 3220 *at
568 3166 592 3220 si
610 3168 658 3218 AB
673 3167 682 3235 ll
697 3169 730 3218 17
748 3168 843 3234 patres
862 3162 925 3217 dico
944 3177 993 3217 om.
1014 3165 1034 3213 B
1053 3163 1063 3232 ll

103 3247 136 3298 18
155 3240 285 3312 optime
304 3242 424 3296 contra
437 3240 571 3309 patrum
586 3235 718 3292 duritia
731 3239 755 3287 Δ
768 3237 777 3304 i
791 3241 824 3289 al
839 3237 976 3303 exposa
988 3233 1000 3302 i
1011 3232 1062 3286 ali·

101 3330 192 3384 quam.
206 3311 417 3368 solitudinem!
430 3312 441 3380 ss
458 3316 493 3365 m
513 3306 736 3380 obversissssls
748 3309 760 3376 i
772 3311 810 3361 28
825 3305 943 3374 inpexi
961 3303 1062 3372 Alin-

101 3383 179 3456 plexi
197 3388 231 3451 A,
246 3383 363 3453 implexi
380 3387 458 3436 B-l’
480 3384 489 3451 i
511 3379 685 3436 verecundae
704 3382 808 3431 AB-l'
831 3379 842 3446 l
867 3383 902 3430 29
919 3374 1064 3431 servitutis

101 3461 159 3526 ΑΒ,
178 3472 247 3512 corr.
270 3455 307 3509 Pi
327 3457 338 3524 i
359 3459 380 3528 q
400 3458 424 3506 Δ

940 3537 978 3594 ’δὴ

1165 3564 1180 3667 1
