2386 3816
164 174 256 229 XVIII
534 174 752 231 PRAEFATIO.

163 327 345 402 descriptum
368 345 442 386 esse.
480 325 571 385 Cuius
594 326 690 402 ipsius
713 325 778 385 fata
799 326 883 384 ultra
905 326 1045 402 persequi
1067 345 1129 387 non

162 442 332 498 possumus.

231 522 331 581 Minus
354 523 437 580 certa
460 521 497 581 de
519 519 674 582 veteribus
692 519 843 580 codicibus
862 519 1037 581 testimonia
1054 521 1129 581 haec

163 618 321 677 accedunt:
346 618 464 678 Ulricus
483 616 637 679 Fabricius
660 609 911 697 (1489-1526)
929 617 962 675 in
979 617 1128 676 librorum

165 733 287 774 suorum
306 715 434 774 tabellas
457 716 605 775 retulerat
627 716 765 792 „centum
784 713 962 783 Quintiliani
981 715 1129 774 declama-

161 809 288 887 tiones“,
305 832 382 889 quae
400 816 503 872 tamen
519 816 590 888 post
606 814 735 872 mortem
753 812 818 871 eius
834 812 1127 888 aperscrutantibus

161 911 375 971 bibliothecam
398 929 459 970 non
476 912 614 986 repertae
634 912 713 986 sunt,
731 912 767 968 ut
789 911 895 969 auctor
915 911 962 968 est
985 910 1127 970 Justinus

163 1007 288 1084 Gobler,
316 1008 368 1083 qui
394 1026 568 1084 processum
595 1007 677 1067 illius
706 1006 765 1067 viri
793 1001 983 1067 iudiciariam
1011 1008 1127 1082 primus

108 1094 112 1102 ⁴
162 1105 318 1181 evulgavit
342 1096 434 1185 (anno
460 1097 614 1184 1541).*)

249 1210 327 1269 Tum
349 1211 388 1270 Jo
411 1211 483 1272 Alb.
507 1209 663 1270 Fabricius
691 1211 722 1269 in
745 1210 927 1270 bibliotheca
951 1209 1062 1269 latina
1085 1209 1125 1269 ΙΙ.

161 1328 189 1383 p.
214 1309 276 1367 321
307 1300 460 1387 (editionis
484 1307 555 1366 anni
576 1298 677 1387 1773)
701 1308 775 1367 haec
804 1307 905 1383 prodit
932 1308 1042 1383 „etiam
1071 1307 1126 1377 Qu.

161 1404 274 1462 Marius
295 1402 445 1464 Corradus
464 1403 517 1465 lib.
529 1402 553 1464 I.
574 1403 660 1479 epist.
685 1407 713 1464 9.
733 1403 908 1474 Quintiliani
935 1404 1126 1465 declamatio-

161 1519 214 1560 nes
236 1503 297 1561 136
321 1520 503 1578 memorans,
538 1519 612 1577 quas
642 1520 696 1561 sua
718 1520 809 1560 manu
831 1500 1032 1577 descripserat
1054 1504 1085 1560 et
1107 1520 1126 1560 a

162 1616 193 1657 se
218 1598 391 1658 emendatas
419 1597 595 1674 aGryphio
618 1599 742 1659 volebat
764 1597 867 1658 excudi
890 1644 897 1657 .
922 1642 929 1656 .
953 1644 960 1659 .
999 1598 1125 1658 Praeter

160 1694 325 1771 principem
348 1699 450 1755 autem
478 1696 640 1755 editionem
668 1695 862 1755 Parmensem
890 1714 979 1754 usum
1003 1714 1034 1754 se
1059 1713 1125 1755 esse

163 1795 295 1852 testatur
317 1793 434 1852 duobus
458 1792 608 1852 codicibus
631 1810 701 1851 mss.
726 1793 779 1854 lib.
802 1792 818 1850 I
841 1791 1015 1868 epist.11.“
1048 1791 1125 1862 Quo-

160 1910 227 1949 rum
263 1892 347 1966 prior
381 1909 451 1967 pars
489 1895 576 1951 extra
608 1891 842 1950 controvarsiam
874 1894 933 1963 est,
971 1891 1024 1948 sed
1055 1891 1124 1966 plus

161 2006 250 2062 quam
273 1987 398 2047 dubium
420 1988 507 2063 mihi,
536 2007 608 2047 num
632 1991 713 2048 recte
735 1989 951 2063 interpretatus
975 1988 1025 2063 sit,
1048 2007 1125 2063 quae

162 2082 310 2142 Corradus
344 2084 416 2143 dicit
444 2084 479 2143 de
507 2085 641 2144 fontibus
674 2086 746 2144 suis.
798 2086 932 2160 Excerpo
966 2085 1125 2160 epistolam

161 2175 318 2260 (scriptam
341 2182 465 2258 Romae,
490 2182 595 2241 eodem
622 2184 658 2240 ut
686 2182 806 2243 videtur
828 2201 923 2256 anno,
951 2201 1009 2258 quo
1036 2202 1124 2260 nona,

163 2273 264 2357 1547)
287 2281 318 2338 et
340 2278 439 2354 prima
461 2279 525 2337 eius
548 2279 641 2339 verba
663 2280 789 2355 adpono.
827 2279 1026 2356 „Sebastiano
1049 2279 1124 2356 Gry·
1155 2330 1161 2341 .

159 2376 243 2452 phio,
271 2375 462 2453 Lugdunum.
508 2375 748 2437 Declamationes
772 2376 811 2436 ad
838 2378 870 2436 te
897 2377 980 2451 misi,
1005 2380 1124 2437 tantum

160 2465 209 2552 (ut
237 2465 337 2552 spero)
364 2492 423 2532 non
449 2473 661 2534 mendosiores.
698 2476 795 2534 Erant
823 2475 902 2534 enim
935 2474 1125 2549 scriptura

160 2569 279 2641 omnino
303 2571 672 2631 contaminatissima.
718 2571 864 2631 Adhibita
892 2575 938 2631 est
967 2589 1057 2630 ame
1080 2573 1123 2631 di·

159 2665 300 2743 ligentia,
327 2669 441 2743 quanta
462 2670 592 2727 maxima
614 2670 729 2745 potuit:
757 2669 809 2728 sed
839 2670 950 2729 Romae
979 2669 1123 2744 antiqui

159 2765 247 2849 libri
274 2783 342 2823 non
370 2769 489 2843 crant,
517 2767 626 2842 quibus
655 2767 739 2825 eain
762 2784 795 2824 re
818 2766 864 2825 uti
886 2784 1005 2841 possem
1028 2784 1063 2824 ac
1085 2784 1122 2824 ne

159 2861 229 2920 novi
243 2861 371 2936 quidem,
388 2866 509 2936 praeter
524 2882 626 2937 unum,
647 2863 698 2940 qui
712 2882 804 2939 puero
822 2863 897 2921 mihi
910 2863 1037 2938 Neapoli
1057 2866 1123 2923 erat

158 2959 284 3035 missus3
316 2962 347 3018 et
374 2958 504 3018 alterum
524 3005 531 3019 .
551 3003 585 3022 ..
621 2961 678 3019 Hic
702 2964 801 3021 est..
829 2961 1024 3037 Impressione
1051 2959 1123 3018 Par-

159 3061 374 3069 --—.—.-—-

229 3092 256 3160 *l
276 3092 369 3146 Verba
387 3092 417 3145 in
436 3093 558 3162 epistola
576 3093 696 3148 editioni
715 3093 872 3164 praemissa
885 3095 956 3148 haec
975 3093 1055 3147 sunta
1075 3093 1123 3161 „in

162 3161 264 3217 ultima
282 3163 332 3217 illa
350 3162 387 3217 ad
402 3161 549 3218 Caesarem
564 3163 705 3234 (Carolum
726 3166 774 3231 sc.)
789 3165 820 3218 in
833 3164 1000 3234 Hispaniam
1015 3166 1123 3233 profec-

161 3234 247 3302 tione,
261 3232 291 3287 in
305 3249 361 3303 qua
375 3234 514 3304 occubuit,
531 3236 668 3303 quosdam
684 3236 805 3302 (codices
816 3239 864 3304 sc.)
880 3251 975 3290 secum
989 3235 1123 3289 extulisse

165 3306 214 3357 aut
232 3303 339 3374 alioqui
359 3304 485 3359 sublatos
504 3322 565 3360 esse
583 3304 735 3360 verisimile
755 3308 806 3371 est,
824 3322 895 3375 quos
913 3307 971 3361 iam
988 3305 1122 3360 frustrae

161 3390 211 3428 suo
232 3375 417 3444 chirographo
437 3376 640 3431 desideramus:
665 3379 698 3431 ut
716 3379 781 3431 sunt
799 3375 874 3433 inter
892 3378 985 3433 cetera
1000 3416 1006 3430 .
1019 3421 1025 3434 .
1038 3419 1044 3430 .
1059 3393 1122 3430 cen·

159 3448 219 3497 tum
238 3445 461 3503 declamationes
478 3446 561 3504 Fabii
581 3445 770 3512 Quintiliani.
786 3452 832 3503 ..“
