2386 3816
169 147 235 217 ’248
537 144 767 216 QUINTILIANI

169 336 314 382 summae
347 313 396 379 rei
419 313 605 379 discrimen:
636 312 715 377 satis
738 314 850 378 tamen
878 311 968 377 iusta
991 310 1145 378 defensio

170 404 343 468 videretur.

235 491 352 557 Adhuc
375 495 485 557 tamen
503 491 637 575 propius
662 489 813 556 accedere
828 488 876 555 ad
893 489 1144 575 interpretatio·

167 602 243 646 nem
275 580 360 666 legis
387 581 461 646 volo
491 583 536 664 et,
564 581 723 664 quatenus
752 600 829 663 pars
857 577 988 645 diversa
1014 580 1144 664 scripto

134 685 150 736 a
169 669 375 763 innit<it>ur,
400 671 499 735 etiam
517 669 592 753 ipsa
608 667 708 734 rerba
726 668 873 733 scrutari.
905 667 985 754 quid
1002 668 1141 735 tandem

168 759 247 826 dicit
268 758 375 824 lex?
385 759 473 844 »qui
496 758 542 823 ab
565 756 679 823 hoste
702 760 937 841 provocatus
959 778 1038 824 non
1070 779 1143 844 pu-

169 848 381 935 gravarit«
414 847 456 913 ab
479 846 573 913 hoste
596 846 707 932 igitur,
729 867 795 911 non
820 868 840 911 a
861 845 1062 932 transfuga
1079 868 1143 913 neo

127 934 1140 1093 1111111111Βῦ111111111111

117 1114 150 1181 io
169 1115 352 1201 hominum,
380 1077 435 1200 qui
462 1136 522 1200 pro
551 1136 587 1179 re
610 1114 742 1199 publica
765 1136 837 1198 sua,
865 1046 920 1200 dui
942 1135 1004 1198 pro
1026 1116 1140 1199 patria

168 1206 369 1290 pugnabant.
416 1204 461 1270 Et
489 1204 517 1269 si
543 1203 643 1269 verba
670 1202 744 1287 ipsa
765 1202 944 1287 intuemur,
966 1201 1039 1268 hoc¹
1056 1205 1142 1270 satis

169 1300 232 1358 est:
272 1294 301 1359 si
331 1314 408 1359 vero
444 1292 656 1377 introspicere
691 1292 894 1357 voluntatem
926 1292 1143 1377 voluerimus,

169 1381 283 1465 ecquid
306 1382 515 1447 manifestum
539 1385 598 1466 est,
619 1402 688 1446 non
709 1380 773 1446 hoc
796 1381 936 1446 sensisse
957 1381 1071 1466 legum
1095 1383 1142 1448 la-

168 1472 288 1554 torem,
319 1473 357 1534 ut
388 1471 458 1536 ulla
484 1471 683 1537 necessitate
707 1473 821 1554 posset
848 1470 921 1555 cogi
942 1473 1038 1554 pater
1063 1492 1141 1537 curn

117 1573 149 1624 15
168 1557 238 1624 filio
262 1558 439 1624 dimicare?
469 1581 511 1625 an
533 1581 610 1626 vero
633 1560 672 1643 is,
695 1558 751 1644 qui
774 1559 906 1644 scripsit
927 1559 1140 1645 »hostem«,

170 1669 236 1713 non
257 1648 387 1714 videtur
410 1649 578 1735 scripsisse
601 1647 768 1715 alienum?
800 1669 927 1713 summa
949 1647 1011 1713 hac
1031 1651 1142 1715 nomi·

169 1737 221 1803 nis
252 1738 365 1823 utique
392 1737 520 1804 minora
551 1738 739 1822 complexus
767 1740 825 1803 est
869 1758 936 1802 non
959 1757 1039 1823 ergo
1064 1740 1142 1825 cogi

170 1831 281 1911 potest
304 1827 476 1913 quisquam
499 1828 581 1914 lege,
604 1826 737 1892 ut'cum
760 1826 829 1892 filio
853 1847 912 1892 suo
934 1831 1072 1912 pugnet.

236 1915 300 1982 Hic
328 1922 439 1983 tamen
464 1938 532 1982 non
559 1915 746 1981 defendetur
768 1915 912 1980 adfectus
941 1918 974 1980 et
996 1915 1142 2000 pietatis

118 2020 152 2070 ao
174 2004 389 2071 simulatione.
433 2026 513 2091 ›ego
542 2027 628 2089 vero,
651 2005 772 2090 inquit,
803 2005 961 2090 pugnavi,
989 2005 1047 2070 sed
1073 2028 1140 2092 quo

171 2094 267 2158 modo
308 2115 454 2179 pugnare
496 2095 671 2180 oportebat
710 2096 855 2159 vestrum
894 2094 1141 2178 imperatorem.

170 2182 266 2248 unius
291 2184 485 2267 sanguinem
508 2184 641 2270 exigitis
660 2205 716 2248 -ε
740 2183 916 2248 exercitum
935 2182 1046 2250 cecidi.
1079 2207 1140 2270 par

170 2271 389 2355 gladiatorum
417 2272 524 2338 simile
551 2273 728 2357 postulatis
761 2295 818 2336 -ε
852 2271 956 2338 totius
990 2272 1140 2339 civitatis

170 2361 342 2426 victoriam
365 2362 473 2429 retuli.
508 2365 676 2428 numerate
695 2361 814 2446 spolia:
837 2363 870 2426 et
888 2361 1073 2446 aestimate,
1097 2385 1140 2428 an

116 2465 151 2516 aa
171 2449 318 2516 damnari
341 2450 520 2536 debuerim,
550 2452 628 2536 quia
649 2451 723 2536 plus
746 2448 904 2536 praestiti.
951 2471 1035 2535 quae
1060 2456 1140 2518 sunt

170 2539 266 2624 enim,
290 2561 372 2623 quae
395 2540 449 2606 lex
471 2539 639 2624 postulet?
662 2539 723 2605 illa
745 2539 876 2624 quidem
897 2558 1044 2624 pugnam
1065 2545 1138 2606 tan·

169 2628 337 2694 tummodo
361 2651 476 2696 meam.
514 2633 737 2695 verumtamen
759 2628 889 2695 videtur
911 2627 1051 2693 tacitum
1074 2629 1138 2695 hoc

170 2717 342 2783 scribentis
374 2717 475 2784 fuisse
509 2722 637 2803 votum,
665 2721 703 2784 ut
730 2721 763 2783 et
789 2716 896 2783 hostis
925 2716 1137 2785 occideretur.

169 2810 342 2892 utrumque
365 2807 531 2892 praestiti:
562 2811 594 2872 et
617 2827 679 2893 ego
701 2807 847 2892 pugnari
870 2810 905 2872 et
927 2806 984 2871 ille
1008 2807 1136 2874 occisus

114 2911 149 2962 ao
169 2898 227 2960 est.
258 2895 313 2960 sed
331 2916 399 2961 non
417 2896 587 2983 continget
605 2917 643 2962 ea
661 2895 882 2981 perditissimo
896 2895 1016 2980 iuveni,
1035 2918 1135 2982 quam

169 2985 356 3070 quaerebat,
378 2984 510 3071 invidia,
532 2990 569 3051 ut
592 2985 756 3051 videretur
781 2984 901 3051 scelere
924 2984 1068 3070 occisus,
1100 2988 1138 3050 ut

239 3147 257 3196 4
275 3141 442 3212 quatinus
466 3145 489 3194 A
511 3143 522 3212 l
545 3140 676 3198 scribitur
693 3147 713 3196 Β
736 3144 746 3213 ll
769 3142 811 3197 5
802 3140 909 3197 innitur
926 3146 962 3210 A,
981 3140 1089 3201 innitar
1105 3147 1136 3208 Β

167 3246 235 3286 corr.
257 3230 435 3358 1)ᾰέ
344 3236 361 3288 8
380 3247 434 3301 ego
452 3247 504 3302 pro
522 3229 600 3302 perd.
620 3234 832 3301 Blltlpoenam
850 3233 895 3302 Bll
911 3236 944 3285 10
961 3231 1022 3302 reip
1040 3234 1089 3303 Al
1104 3238 1137 3287 13

343 3308 381 3373 A,
405 3304 435 3357 et
453 3301 522 3387 quid
540 3308 561 3355 Β
578 3304 588 3372 ΙΙ
608 3307 641 3356 14
659 3303 749 3372 possit
766 3306 819 3375 Β1Ι
843 3309 875 3358 19
895 3301 1057 3358 defenditur
1075 3308 1136 3373 AB,

166 3302 381 3444 haeoqtpss,
345 3379 379 3429 20
399 3372 592 3431 simulationes
611 3376 683 3442 Aall
705 3379 738 3428 21
758 3393 838 3430 vrum
856 3374 925 3444 imp
941 3377 993 3444 All
1017 3381 1050 3430 22
1072 3392 1136 3430 san·

284 3445 597 3521 illexeroitiumn-
568 3445 694 3517 -rllaa
708 3444 761 3501 lex
777 3461 831 3502 ora
850 3445 1052 3514 Aaqpostutst
1065 3451 1089 3498 A
