2386 3816
148 126 237 181 XXVI
456 144 459 150 ·
515 124 733 179 PRAEFATIO.

147 276 283 337 monenti
301 279 332 335 et
354 275 433 335 viam
457 275 675 333 demonstranti
692 292 731 332 an
749 272 845 333 actori
862 291 917 348 per
935 271 1114 332 continuam

149 373 396 434 declamationem
415 372 551 448 loquenti
568 371 729 431 tribuenda
747 372 844 431 sit-
859 370 953 431 verba
966 370 1113 429 nimirum

148 469 374 531 declamationis
405 470 437 527 et
460 469 605 528 sermonis
628 469 695 544 plus
719 469 811 527 semel
833 468 913 528 inter
934 486 966 528 se
985 466 1114 528 confusa

147 569 179 627 in
206 585 268 626 mss
297 598 339 608 —
368 566 493 625 dubium
519 565 585 625 lieri
611 568 719 641 potest.
770 566 876 625 Altera
904 565 936 624 in
965 583 1000 624 eo
1029 564 1113 624 inest

147 665 319 740 difficultas,
342 663 421 739 quod
448 662 581 722 forenses
604 680 653 721 res
670 662 718 720 his
738 660 1004 721 declamationibus
1022 679 1112 736 prae·

146 765 292 839 parantur
319 763 350 821 et
376 762 561 835 tractentur,
589 761 620 818 et
642 759 726 834 leges
749 758 885 836 insuper,
907 757 1016 834 quibus
1040 776 1111 818 con·

145 860 281 919 tinentur
304 877 422 935 causae,
444 875 586 932 magnam
608 859 725 931 partem
743 855 878 915 incertae
895 857 975 932 sunt,
998 855 1112 932 quippe

146 975 205 1016 non
237 975 273 1016 ex
299 957 433 1015 Romano
465 956 584 1013 tautum
615 952 680 1010 iure
711 952 839 1029 petitae,
871 951 924 1012 sed
954 951 1046 1012 etiam
1073 972 1112 1012 ex

147 1051 277 1132 Graeco,
299 1054 350 1113 vel
368 1052 461 1112 etiam
479 1050 660 1111 constitutae
682 1049 764 1108 inani
787 1049 1034 1110 scholasticorum
1057 1049 1110 1109 fic·

146 1150 237 1211 tione.
269 1150 338 1210 Non
362 1150 426 1209 sine
445 1167 537 1208 causa
553 1146 649 1224 igitur
667 1165 778 1221 eorum,
802 1146 854 1223 qui
871 1146 987 1222 priores
1006 1164 1111 1206 curam

145 1247 177 1306 in
206 1247 389 1324 corrigendis
422 1249 453 1306 et
484 1243 679 1321 explanandis
707 1242 807 1303 verbis
832 1248 1010 1319 posuerunt,
1042 1243 1111 1303 iure

146 1345 275 1404 consulti
290 1344 414 1419 plurimi
431 1344 566 1416 fuerunt,
590 1345 680 1417 atque
703 1341 825 1401 Aerodii
847 1341 915 1417 illa,
937 1358 997 1399 non
1019 1357 1110 1416 posse

147 1441 220 1500 haec
242 1441 302 1499 nisi
324 1442 405 1500 certe
432 1440 506 1499 iuris
531 1440 628 1515 perito
651 1438 817 1511 emendari,
843 1439 942 1497 nescio
966 1455 1005 1496 an
1031 1437 1110 1496 ulte-

145 1537 208 1597 rius
236 1538 408 1613 pertineant
430 1556 520 1614 quam
548 1537 586 1595 ad
613 1535 737 1596 confusa
763 1536 817 1594 illa
840 1538 871 1595 et
893 1534 979 1594 foede
1002 1535 1110 1610 depra-

145 1637 216 1693 vata
239 1634 378 1694 editionis
401 1635 434 1708 P,
458 1635 496 1694 de
517 1653 577 1710 qua
598 1633 732 1709 loquitur
754 1633 832 1708 ipse,
854 1630 956 1691 verba.

213 1731 260 1790 De
283 1731 434 1808 scriptura
456 1731 529 1790 haec
547 1747 667 1789 moneo:
692 1732 826 1789 secutum
849 1747 897 1788 me
918 1747 984 1789 esse
1002 1728 1109 1788 Bram-

147 1827 288 1888 bachium
311 1820 555 1910 (Hdlisbdchlein
576 1848 599 1886 z.
619 1827 671 1887 lat
690 1817 983 1906 Rechtscbreibung)
1002 1827 1047 1886 ita
1064 1829 1108 1908 ut,

145 1925 197 1984 ubi
220 1925 299 1985 inter
322 1927 398 1985 duas
422 1925 533 1985 formes
556 1923 684 1983 liberam
707 1924 857 2000 optionem
876 1923 1018 2001 admittit,
1037 1943 1106 1986 eam

145 2024 289 2100 eligerem
325 2042 415 2099 quam
451 2023 542 2083 codex
569 2022 610 2094 A,
646 2024 678 2081 et
708 2021 773 2096 ipse
806 2039 866 2080 non
897 2038 1015 2097 semper
1049 2022 1109 2082 sibi

144 2122 298 2193 constans,
325 2119 497 2194 praeberet;
525 2121 629 2179 contra
656 2118 740 2178 cuius
768 2121 869 2177 tamen
895 2119 1107 2178 auctoritatem

146 2215 313 2276 scribebam
335 2216 476 2276 incohare
500 2219 531 2276 et
552 2215 739 2275 Fleckeiseni
761 2214 876 2275 monita
893 2208 952 2293 (50
970 2208 1108 2297 Artikel)

144 2313 321 2373 observans:
356 2330 520 2386 arcessere,
552 2331 629 2389 quae
662 2313 810 2388 scriptura
838 2313 1006 2387 promiscue
1039 2330 1108 2372 cum

144 2410 197 2468 illa
225 2428 377 2470 accersere
404 2411 436 2470 in
463 2409 563 2470 codice
581 2411 610 2469 A
637 2412 809 2486 usurpatur.
854 2409 1053 2470 Brambacbio
1075 2410 1108 2468 in

145 2526 179 2567 eo
202 2525 262 2566 non
285 2507 505 2584 obtemperavi,
527 2506 608 2583 quod
631 2527 645 2567 s
668 2511 738 2583 post
759 2525 791 2582 x,
814 2506 893 2583 quod
915 2525 1038 2583 perraro
1063 2507 1108 2566 in·

144 2604 264 2664 venitur
295 2604 326 2662 in
353 2603 395 2681 A,
428 2605 570 2681 oppressi.
620 2604 829 2663 Nominativos
860 2606 893 2663 et
919 2604 1107 2664 accusativos

143 2701 270 2776 pluralis
297 2700 407 2761 tertiae
439 2720 542 2761 omnes
569 2719 623 2777 per
651 2720 704 2761 ·es
731 2701 892 2779 declinavi,
924 2719 1107 2777 quamquam

143 2797 271 2880 „omnia
294 2795 409 2873 partis“
432 2800 550 2874 aliaque
571 2798 682 2858 similia
703 2816 927 2874 nonnumquam
949 2799 982 2857 in
999 2797 1107 2869 harum

144 2893 395 2954 declamationum
417 2896 569 2956 codicibus
592 2887 833 2976 inveniuntur.*)

214 3037 240 3106 *)
260 3037 331 3091 Sunt
350 3040 443 3092 autem
462 3036 527 3091 illa:
545 3037 634 3107 partis
653 3041 772 3102 aeae&
792 3042 897 3103 414,19
912 3035 965 3089 ΑΒ
984 3066 1018 3077 -
1032 3053 1106 3106 pro-

143 3106 310 3177 pinquitatis
329 3113 422 3175 24⁶&
448 3108 545 3163 mortis
564 3113 624 3176 284,
645 3111 692 3177 (4.)
712 3114 726 3162 7
745 3107 771 3159 A
790 3138 823 3147 -
843 3107 934 3162 omnis
954 3112 1013 3173 135,
1029 3114 1045 3162 6
1065 3107 1106 3162 in-

143 3177 235 3233 felicis
254 3179 541 3249 parentis154,1-2
562 3179 685 3234 absentis
704 3184 766 3244 363,
780 3183 797 3233 8
812 3178 844 3234 Β.
875 3177 1024 3232 Manifesto
1044 3180 1104 3233 solo

143 3249 252 3305 librarii
271 3266 362 3305 errore
386 3249 508 3316 factum,
532 3251 565 3303 ut
582 3251 592 3303 i
611 3251 673 3304 ete
696 3249 796 3304 literae
814 3249 1052 3318 permiscentur,
1075 3249 1106 3303 id

145 3322 220 3388 qood
239 3319 400 3390 saepissime
420 3320 449 3374 in
468 3319 564 3375 codice
579 3319 604 3373 A
622 3318 865 3389 deprehendimus,
884 3318 974 3375 veluti
989 3317 1103 3374 inillis:

145 3391 293 3462 collegere,
308 3389 459 3457 demicare,
474 3391 620 3460 dammone,
634 3390 808 3458 exestimare,
823 3388 945 3456 sterelis3
960 3392 1107 3460 praeterea
