2386 3816
345 141 665 200 Dsoaamaulorves.
684 143 850 202 cclxxix.
1015 147 1079 214 135

114 307 261 392 dignum,
286 307 371 391 quod
393 308 495 375 talem
517 307 580 373 tibi
602 308 706 374 filium
729 309 812 374 feci?
849 307 913 374 Sed
929 310 1010 376 haec
1029 315 1079 376 ut

112 417 253 481 cumque
272 395 375 462 videri
392 397 521 482 possint
538 397 737 462 tolerabilia:
760 399 817 464 illo
836 402 993 485 tempore,
1014 422 1077 485 quo

114 486 287 572 pugnabat
309 484 394 551 filius
413 488 525 552 noster
542 485 725 571 (vindicabo
746 487 831 553 enim
850 488 931 553 mihi
951 511 1079 575 semper

114 575 178 655 hpo
200 596 331 660 nomen,
353 598 457 663 neque
481 598 501 640 a
523 575 688 642 beneficiis
712 577 793 642 meis
817 578 993 662 appellatio
1012 579 1078 644 ista

113 663 288 751 discedet),
321 664 426 749 qualis
457 667 592 749 uterque
624 668 772 731 nostrum
806 665 890 731 luit?
922 689 988 733 non
1016 683 1112 754 egeo

115 753 277 820 sollicitus
300 753 339 818 de
359 755 460 820 muris
480 753 643 840 pependi?
670 777 735 821 non
755 774 815 840 ego
835 777 947 821 omnes
967 759 1076 842 excepi

112 845 156 908 ab
183 843 253 909 acie
275 842 467 909 redeuntes?
499 865 565 909 non
586 844 718 910 nunties
743 844 901 910 sollicitus
925 845 1077 930 captavi?

116 937 152 998 at
169 938 208 998 tu
227 953 358 999 securus
374 954 455 1017 eras,
469 937 636 1018 tamquam
656 934 700 1018 id,
719 934 803 1021 quod
821 934 982 1019 volueras,
1004 957 1077 1000 cum

112 1043 308 1107 exponeres,
330 1023 530 1109 contigisset.
567 1044 637 1109 age,
659 1023 823 1088 redeuntis
846 1023 982 1089 vulnera
1004 1024 1077 1109 quis

114 1111 289 1198 religavit?
325 1113 516 1198 sanguinem
540 1112 612 1197 quis
637 1111 762 1177 abluit?
795 1112 836 1178 ad
859 1113 981 1198 templa
1004 1113 1077 1198 quis
1098 1128 1132 1180 10

111 1201 230 1266 duxit?
272 1201 344 1287 quis
377 1202 560 1287 gratulatus
594 1201 665 1266 est?
707 1201 875 1267 sciebasne
908 1203 975 1267 iam
1006 1207 1078 1268 tum

114 1312 185 1356 esse
213 1289 358 1357 officium
385 1296 490 1375 tuum,
518 1313 560 1356 an
588 1289 751 1357 confiteris
781 1289 822 1355 ad
851 1293 884 1355 te
907 1290 989 1356 haec
1011 1313 1078 1356 non

113 1379 332 1464 pertinuisse?
378 1378 562 1445 dissimules
589 1378 680 1467 licet,
712 1383 745 1446 et
776 1379 926 1447 videatur
953 1380 1077 1465 alioqui

112 1469 176 1536 hoc
203 1473 319 1536 contra
346 1491 476 1535 causam
505 1490 625 1535 meam:
659 1469 797 1556 sciebas,
830 1472 863 1535 et
888 1469 983 1535 illum
1007 1490 1076 1534 esse

112 1558 199 1643 apud
227 1580 280 1624 me
306 1579 422 1644 passus
451 1580 495 1622 es.
539 1557 621 1624 haec
648 1557 758 1624 decem
789 1559 881 1624 milia
904 1557 1076 1644 agnovisti.
1097 1571 1130 1627 16.

111 1669 180 1734 non
201 1650 234 1713 te
258 1650 431 1713 moverunt
449 1647 539 1713 tituli
558 1647 783 1734 adulescentis,
806 1669 873 1714 non
892 1648 951 1714 illa
970 1647 1077 1734 gloria

112 1736 154 1802 dc
187 1737 306 1802 eximia
336 1737 471 1820 virtute,
503 1759 600 1822 quam
635 1758 695 1823 ego
726 1758 963 1823 praeceperam.
1013 1736 1077 1800 hac

110 1825 232 1892 fiducia
250 1826 407 1892 alimenta
425 1826 568 1911 solvisti3
591 1830 760 1911 computas
780 1847 915 1911 mecum,
932 1829 972 1890 ut
985 1825 1076 1891 solus

111 1916 260 1982 omnium
278 1916 468 1983 mortalium
486 1919 520 1981 et
533 1915 715 2000 expositum
730 1915 888 1999 receperis
903 1918 936 1979 et
950 1913 1076 1984 lucrum

110 2004 237 2071 feceris.
1094 2016 1129 2071 110

489 2179 713 2250 souma.
781 2130 789 2139 ’

362 2307 470 2375 Dives
494 2307 647 2391 speciosi
670 2306 825 2374 adulter.

110 2435 337 2502 Anuaraaurr
360 2450 430 2500 rur
455 2450 630 2501 occronsn
653 2451 721 2498 rur
744 2448 903 2498 recurri
925 2445 1077 2496 Pacuius

202 2540 401 2590 murrrsun
425 2541 562 2590 uronis.
606 2522 707 2589 Dives
729 2541 915 2606 pauperem,
938 2517 1077 2604 speciosi

202 2618 343 2699 patrem,
371 2614 410 2680 de
439 2617 551 2699 stupro
574 2611 636 2677 filii
664 2609 854 2697 appellavit3
885 2609 942 2674 ille
965 2608 1077 2674 tacuit
1095 2620 1131 2672 11

207 2704 326 2769 iterum
356 2704 484 2769 adiecta
506 2701 643 2787 pecunia
666 2699 858 2786 appellavit3
885 2697 941 2763 ille
964 2697 1078 2764 tacuit.

206 2794 304 2859 tertio
319 2793 503 2880 appellatus
518 2786 653 2857 uxorem
661 2789 729 2854 filio
740 2788 838 2865 dedit.
856 2809 937 2874 puer
943 2787 1078 2854 divitem

204 2905 277 2949 cum
303 2903 404 2949 uxore
432 2904 491 2947 sua
518 2879 753 2965 deprehensum
784 2880 917 2962 accepta
939 2876 1078 2962 pecunia

204 2971 335 3038 dimisit.
362 2971 529 3038 abdicatur
552 2993 572 3035 a
595 2973 697 3055 patre.

189 3192 203 3239 1
222 3188 372 3256 utrumque
390 3188 497 3237 als-1¹
514 3184 524 3252 l
542 3189 559 3239 o
578 3181 667 3237 omnis
685 3185 706 3233 B
726 3179 736 3249 ll
756 3177 854 3248 accepi
871 3183 891 3230 Ρ
909 3179 918 3247 l
938 3183 952 3232 7
974 3177 1080 3248 captivi

111 3261 155 3311 Aa
172 3260 183 3328 ll
201 3262 234 3312 11
252 3259 334 3323 trium
351 3259 381 3321 Β,
400 3258 481 3309 tuum
498 3260 519 3307 1²
539 3253 551 3323 ll
576 3258 609 3306 la
627 3251 739 3326 (illud)
758 3250 835 3320 (hoc)
855 3265 916 3303 esse
935 3246 983 3304 off.
1001 3250 1023 3306 t.
1042 3247 1079 3318 (1)

113 3329 159 3384 Bo
181 3331 191 3400 ῃ
212 3328 295 3401 haec]
314 3328 353 3382 ha
370 3331 391 3380 B
414 3328 424 3398 {l
448 3332 480 3380 13
499 3324 627 3395 alioquid
645 3328 686 3377 Aa
707 3324 717 3395 11
742 3328 774 3376 19
794 3323 877 3376 mort
896 3337 959 3395 esp.
977 3324 998 3372 B
1017 3321 1027 3391 ΙΙ
1044 3324 1079 3374 11

112 3405 513 3487 commissarum
