2386 3816
335 166 655 224 DECLAMATIONES.
675 168 770 227 CCCL.
969 171 1033 236 379

71 357 150 400 num
174 355 252 417 esse,
275 336 312 396 ut
333 331 535 417 praedictum
559 332 610 399 sit.
642 333 678 397 in
702 355 836 416 summa,
861 334 1032 418 quidplus

72 424 143 509 pati
166 424 317 506 potuerat
331 419 529 504 adulescens,
543 421 571 485 si
584 442 742 486 venenum
754 421 913 487 bibisset?
936 443 1034 506 pona·

74 535 146 577 mus
165 533 205 575 ex
224 511 326 575 altera
344 511 436 594 parte
454 509 548 574 illem
566 510 743 594 potionem,
760 511 852 575 cuius
866 516 902 575 tu
915 533 1034 576 nomen

72 600 208 666 subinde
233 600 349 684 iactae3
376 619 461 682 pone
484 619 524 663 ex
547 598 649 664 altera
671 599 851 684 potionem,
875 622 973 683 quam
996 604 1033 664 tu

72 689 201 755 dedisti:
235 688 273 752 de
305 690 444 771 utraque
470 686 557 752 idem
584 687 701 752 medici
728 687 845 753 dicent.
891 688 919 752 si
949 688 1069 753 nihile

75 780 213 844 interest
235 776 360 858 mortis,
382 775 466 840 nihil
489 775 627 843 interest
649 776 803 843 criminis.

139 865 229 932 Haec
254 865 297 930 ad
324 866 389 929 ius:
422 863 479 930 sed
501 864 543 929 ad
565 887 654 930 ream
677 864 744 950 legi
768 887 845 930 suae
868 864 1033 948 adplicen-

53 956 147 1026 dam
185 977 263 1020 sane
292 957 474 1019 scrutemur
497 957 530 1018 et
552 954 707 1019 animum.
746 976 812 1019 non
836 954 923 1033 dico,
952 976 1034 1037 quae

73 1045 129 1126 sit,
162 1066 244 1129 quae
272 1041 411 1108 dederit:
443 1042 575 1107 interim
604 1042 665 1108 hoc
688 1042 882 1126 respondeo,
915 1065 1035 1127 aquam

73 1133 228 1218 frigidam
260 1132 357 1197 dedit.
408 1153 487 1195 sane
517 1130 634 1196 medici
665 1153 732 1196 nen
760 1133 937 1214 vetuerint,
969 1153 1036 1197 non
1056 1145 1088 1195 10

74 1221 256 1287 timuerint:
289 1220 368 1286 satis
399 1222 461 1303 est,
496 1241 563 1285 non
589 1220 816 1303 permiserunt.
861 1242 1035 1304 personam

74 1332 140 1374 non
159 1331 269 1392 onero,
287 1308 566 1373 denuntiationem
584 1307 767 1373 dissimulo:
789 1307 908 1374 dedisti
927 1330 1035 1395 aegro,

76 1398 160 1482 quod
188 1402 283 1481 pater
309 1418 376 1462 non
404 1397 554 1462 dedisset.
600 1399 629 1460 si
658 1419 741 1461 unus
765 1397 883 1482 aliquis
908 1419 946 1462 ex
970 1419 1036 1462 me·

74 1488 155 1551 dicis
192 1486 375 1551 nocituram
415 1488 544 1551 tantum
578 1485 745 1570 potionem
783 1507 854 1550 esse
891 1487 1036 1570 dixisset,

75 1575 215 1641 dicerem
238 1577 362 1640 tamen:
388 1573 527 1640 fortasse
550 1575 744 1639 moriturum
765 1597 833 1639 non
856 1576 1036 1660 putaveris:
1057 1589 1088 1637 15

73 1687 190 1730 nocere
223 1662 364 1730 voluisti.
413 1684 498 1728 nunc
528 1663 614 1728 inter
650 1685 761 1728 omnes
794 1665 936 1728 medicos
964 1685 1035 1730 con·

74 1754 175 1837 stitit,
199 1753 382 1837 periturum
405 1773 489 1834 esse,
517 1752 545 1816 si
567 1773 686 1836 aquam
708 1751 862 1836 frigidam
885 1752 1037 1817 bibisset:

75 1842 201 1925 dedisti,
224 1844 399 1925 postquam
422 1843 547 1906 certum
571 1844 649 1905 oret.
682 1840 781 1905 velim
805 1840 896 1923 scire,
920 1862 960 1905 an
980 1841 1037 1905 ali·

76 1931 152 2015 quid
181 1930 248 1995 tale
276 1930 311 1993 in
333 1929 518 1995 valetudine
539 1930 610 1994 eius
634 1933 667 1995 et
689 1931 766 1994 ante
789 1929 914 1994 feceris.
959 1950 1037 1993 nam

76 2020 144 2084 sive
163 2018 279 2102 fecisti,
302 2022 447 2103 apparet,
468 2018 629 2104 quemodo
650 2018 691 2083 ad
709 2021 839 2082 tentum
857 2017 1037 2100 periculum
1056 2032 1090 2081 20

75 2107 232 2172 deductus
260 2107 318 2191 eit3
346 2106 414 2172 sive
442 2128 509 2173 non
532 2107 651 2191 fecisti,
678 2130 698 2171 a
721 2109 816 2190 paret
838 2106 941 2171 fuisse
964 2128 1037 2171 cau·

75 2219 159 2281 sam,
191 2199 324 2280 propter
353 2218 450 2281 quarn
472 2196 607 2262 faceres.
656 2246 674 2281 „
713 2217 754 2261 ou
776 2195 890 2280 putavi
913 2216 1038 2278 nocere,

75 2308 134 2351 neo
157 2285 277 2351 credidi
300 2285 463 2353 medicis.“
497 2283 629 2351 Adeone
652 2286 767 2372 ignote
789 2284 967 2350 medicinae
986 2306 1038 2349 ex·

77 2375 260 2459 periments
282 2375 383 2441 sunt?

149 2539 163 2587 1
182 2532 273 2588 fuesee
291 2537 339 2600 na,
357 2547 408 2587 om.
428 2534 501 2602 Pd4
520 2530 665 2587 subinde
678 2535 701 2584 Δ
714 2532 724 2602 fl
737 2530 825 2585 iectus
839 2534 862 2583 Δ
875 2531 885 2599 i
898 2534 915 2584 6
929 2511 1039 2584 intest

78 2603 209 2672 Aiinihil
226 2602 256 2657 in
274 2604 328 2658 boc
346 2602 464 2658 interest
483 2606 559 2657 ur.B
582 2605 592 2671 i
615 2607 679 2657 ise
698 2601 761 2670 Auli
784 2600 856 2670 legis
879 2601 1037 2681 flii-8

76 2673 366 2813 bibini-'1⁰2⁹
386 2672 568 2799 *suern
585 2679 617 2799 ¹3
637 2672 863 2799 recursu
885 2673 1039 2796 eur,-

76 2763 135 2883 ii,
155 2817 203 2883 css.
224 2821 330 2882 eene
348 2760 832 2884 epieo‚1o‚-ui0i3⁷⁶,25sq.i
850 2783 880 2868 1'2
899 2830 956 2868 non
974 2828 1040 2869 vero

77 2888 102 2943 d.
123 2889 247 2956 Bnergc
265 2889 309 2956 ΒΙΙ
325 2893 358 2942 18
377 2883 505 2954 aliquis
523 2889 570 2957 At
585 2892 618 2942 16
637 2888 716 2942 *boc
734 2887 924 2954 nilne-28
942 2885 1041 2954 putavi

76 2977 128 3014 nec
144 2956 296 3027 credidis,
315 2957 415 3028 putavi
437 2973 538 3013 nocere
563 2956 629 3013 dedi
647 2961 668 3013 B
723 2963 829 3012 23-24
848 2956 1041 3027 experimenta

79 3032 145 3084 aunt
163 3028 258 3100 egenti
277 3029 337 3084 vita
354 3030 437 3084 bona
463 3047 500 3086 m.
514 3028 584 3084 iobii
602 3027 670 3097 quin
686 3028 692 3041 '
723 3027 824 3083 finiunt
841 3029 982 3083 coloratae
1000 3025 1040 3080 fe-

77 3101 170 3156 liciter
187 3100 408 3157 inci“'eiusdem
427 3100 551 3156 celerate
570 3096 674 3155 eccm
691 3104 728 3168 Δ,
756 3098 948 3168 experimenta
966 3098 1039 3151 sunt.

77 3173 115 3227 M.
133 3171 215 3228 Fabii
235 3121 402 3238 duintiliani
420 3169 551 3227 colorato
568 3169 662 3245 incise?
676 3170 802 3226 eiusdem
826 3169 956 3224 Colorate
977 3166 1040 3250 feli:

77 3245 136 3299 cit’
172 3244 280 3314 legenti
308 3245 367 3299 vita
394 3245 491 3313 probe.
514 3248 548 3311 B,
580 3240 774 3313 experimenta
801 3245 875 3295 runt.
903 3239 940 3293 M.
959 3237 1041 3292 Fabn

78 3314 245 3380 Quintiliani
267 3316 367 3371 finiunt
390 3315 539 3370 coloratae.
576 3312 718 3383 Incipiunt
741 3311 866 3366 eiusdem
889 3311 1039 3364 coloratae.

78 3386 133 3440 feti·
151 3386 178 3440 le
216 3385 259 3441 nti
277 3387 339 3442 vita
356 3386 432 3442 bona
450 3392 480 3455 0,
500 3403 561 3456 exp.
579 3402 603 3440 s.
622 3385 660 3440 Μ.
683 3384 757 3439 Fabi
773 3379 952 3449 Quonim
962 3380 1055 3430 Quom-

78 3458 155 3512 raue
216 3457 284 3513 iuni.
313 3455 461 3515 naeuus
479 3456 663 3532 incipiente
685 3461 712 3515 a
730 3455 811 3522 ecee
829 3450 1019 3529 stersisse·
