2386 3816
171 141 237 208 386
538 139 769 207 QUINTILIANI

575 355 730 424 GGGLV.

436 481 553 549 Tutor
576 481 747 550 lenocinii
769 497 867 550 reus.

171 625 322 709 Pupillus
346 648 418 691 cum
441 630 550 692 tutore
575 625 694 711 agebat
716 627 848 710 tutelae,
869 628 960 691 tutor
983 647 1058 691 cum
1076 650 1141 711 *pu-

260 714 340 799 pillo
373 713 534 780 adulterii.
583 713 776 779 remiserunt
807 713 946 779 invicem
979 716 1140 782 actiones.

135 816 152 866 t
260 803 414 869 lenocinii
436 805 527 867 tutor
549 824 622 867 reus
647 806 704 868 est.

564 995 738 1063 SERMO.

237 1141 351 1206 Fuisse
383 1140 541 1225 quosdam
574 1138 742 1223 utriusque
773 1139 923 1204 inimicos
955 1138 1009 1204 hic
1041 1143 1136 1206 tutor

172 1231 269 1314 diest,
293 1229 349 1314 qui
372 1230 414 1295 ab
437 1229 531 1294 initio
555 1228 692 1293 moleste
715 1228 860 1312 tulerint,
882 1250 949 1293 nen
971 1228 1053 1312 ipsis
1079 1251 1137 1313 pe-

170 1320 236 1384 tius
271 1319 420 1384 relictam
453 1339 523 1382 esse
555 1318 692 1382 tutelam
725 1321 770 1400 et,
808 1318 961 1402 quoniam
994 1318 1036 1382 ab
1070 1317 1134 1384 hac

119 1423 153 1473 10
171 1407 292 1491 praeda
320 1405 440 1471 exclusi
468 1406 548 1488 sint,
577 1405 762 1472 distulerint
791 1427 864 1490 spes
889 1428 964 1471 suas
987 1407 1024 1470 in
1047 1407 1135 1473 diem

170 1495 323 1560 ultimum
354 1493 490 1576 tutelae,
522 1497 560 1558 ut
592 1494 707 1563 rudem
739 1497 772 1559 et
798 1495 983 1578 imperitam
1016 1496 1136 1579 pupilli

171 1586 312 1649 aetatem
339 1583 507 1648 fraudibus
531 1583 597 1648 suis
621 1584 928 1649 circumscriberent.
966 1605 999 1649 se
1023 1588 1135 1649 autem

170 1673 292 1738 tutelae
320 1672 477 1757 rationes,
505 1675 542 1737 ut
572 1672 722 1756 debebat,
751 1672 938 1737 reddidisse.
988 1676 1135 1760 ceterum

171 1766 383 1844 metuentem,
415 1783 456 1826 ne
489 1760 641 1826 dimissus
674 1783 694 1826 a
721 1783 755 1826 sc
786 1760 929 1845 pupillus
962 1762 1135 1828 fraudibus

119 1866 153 1916 15
172 1855 206 1916 et
232 1852 360 1916 insidiis
390 1850 595 1916 inimieorum
618 1850 946 1933 circumscriberetur,
974 1851 1065 1916 velut
1090 1853 1135 1916 al-

171 1944 276 2006 teram
306 1940 375 2005 eius
402 1941 540 2004 tutelam
568 1942 735 2025 gesturum
762 1939 797 2002 in
825 1939 920 2004 domo
950 1938 1136 2006 retinuisse.

171 2033 249 2095 tune
272 2051 348 2095 vero
371 2028 608 2094 consurrexisse
624 2027 713 2112 illos,
737 2028 791 2112 qui
810 2028 947 2093 tutelam
965 2028 1047 2112 ipsis
1065 2050 1135 2093 non

171 2119 379 2204 commissam
416 2118 552 2182 moleste
583 2116 740 2200 tulerant,
777 2121 810 2181 et
843 2118 987 2201 graviter
1019 2139 1134 2182 excan-

172 2205 288 2289 duisse,
316 2227 356 2270 ne
381 2210 514 2290 peracto
540 2203 670 2291 quidem
688 2205 812 2270 tutelae
830 2209 977 2290 tempere
997 2228 1016 2271 a
1036 2206 1134 2271 dome

117 2310 152 2361 20
171 2295 291 2360 tutoris
315 2294 474 2379 pupillum
498 2295 632 2379 dimitti,
655 2295 779 2360 nullam
800 2296 1001 2360 occasionem
1020 2295 1061 2359 ad
1081 2295 1135 2360 de-

173 2385 376 2468 spoliandum
400 2383 588 2468 imperitum
611 2385 760 2449 iuvenem
779 2383 856 2448 dari.
889 2385 1052 2469 cogitasse
1071 2385 1134 2470 igi·

170 2476 237 2557 tur,
270 2474 541 2559 quemadmodum
570 2472 739 2557 pupillum
772 2494 809 2537 ac
840 2476 982 2538 tutorem
1018 2477 1134 2539 mutuo

171 2562 283 2628 delore
307 2561 532 2628 distraherent.
577 2584 654 2626 nam
681 2563 709 2626 si
730 2561 873 2628 rationes
897 2565 1026 2627 tantum
1050 2561 1134 2626 infa-

171 2655 310 2735 marent,
343 2651 498 2716 videbant
524 2652 683 2734 futurum,
713 2655 750 2714 ut
782 2650 905 2735 optima
933 2650 1135 2717 conscientia

117 2754 151 2804 25
171 2743 261 2806 tutor
287 2762 353 2806 non
377 2743 564 2823 expectaret
586 2740 735 2804 ultimam
754 2739 994 2805 contentionem
1013 2739 1135 2823 iudicii,

172 2828 228 2892 sed
255 2851 314 2913 per
347 2850 534 2893 communes
563 2828 683 2892 amieos
716 2828 979 2914 propinquosque
1013 2829 1135 2914 pupilli

172 2916 385 2983 satisfaceret.
431 2916 592 2982 invenisse
621 2916 696 2980 illos
723 2918 897 3000 rationem,
925 2939 989 3001 qua
1018 2920 1134 2982 mutue

172 3003 283 3069 dolore
307 3004 539 3071 distraherent:
566 3005 767 3070 summisisse
791 3006 846 3090 qui
870 3006 1023 3089 dicerent,
1048 3006 1135 3071 male

170 3097 326 3160 tractatas
356 3117 376 3159 a
403 3097 510 3160 tutore
538 3094 694 3158 rationes:
727 3115 794 3159 non
822 3095 931 3160 emnia
954 3117 1051 3159 nesse
1075 3117 1136 3179 pu·

242 3295 256 3343 7
275 3288 401 3357 utrisque
419 3292 442 3341 Δ
461 3289 470 3357 ll
494 3292 510 3341 8
528 3287 655 3342 tulerunt
672 3291 692 3340 Β
714 3290 723 3356 ΙΙ
748 3293 780 3341 13
801 3286 942 3341 debebant
958 3289 1006 3411 Bp}
1026 3292 1136 3344 20-21

168 3361 197 3413 te
216 3359 395 3428 spoliandum
413 3363 433 3412 Β
448 3360 505 3427 1123
524 3356 763 3415 distraherent
777 3362 800 3411 Δ
814 3360 823 3428 d
838 3363 944 3412 28-24
957 3359 987 3411 in

160 3432 224 3501 ⁸²
246 3447 316 3489 ΜΨ·
337 3430 383 3489 R⁰
405 3432 416 3505 ΙΙ
438 3435 472 3487 2⁶
498 3428 708 3503 propincuas
729 3432 796 3499 nas
816 3428 962 3483 summisse
980 3364 1159 3481 amm
