2386 3816
94 122 159 186 116
454 116 687 186 QUINTILIANI

88 286 176 351 fessa
195 289 253 370 est,
276 306 350 350 cum
368 284 583 369 torqueretur.
606 281 663 346 ubi
681 283 810 346 tantum
825 280 926 346 robur
939 277 1061 363 animi,

89 374 147 440 ubi
169 378 238 438 tam
260 373 389 439 firmam
412 371 614 456 solidamque
637 373 789 455 mentem,
812 369 894 454 quae
911 390 980 434 non
1000 367 1069 433 do·.

89 463 158 528 lore
186 463 349 546 vincatur,
377 480 444 527 non
471 460 603 546 ignibus
631 459 739 539 cadat,
767 479 835 525 non
863 456 1060 524 verberibus

92 552 309 638 ingemiscat?
327 552 412 617 hanc
428 571 505 616 vero
516 549 601 615 'satis
619 548 750 615 fortiter
768 570 806 614 ac
824 569 924 633 supre
942 567 1060 612 sexum

57 656 187 706 osuum
209 640 326 707 fecisse
348 639 453 723 credo,
477 638 562 724 quod
579 637 664 703 nihil
682 637 773 722 dixit,
795 641 970 722 antequam
989 638 1061 701 tor-

92 732 251 814 queretur.
281 730 316 795 in
338 729 390 794 his
413 731 525 794 tamen
547 727 808 811 necessitatibus,
830 725 866 791 in
887 725 940 791 his
958 725 1060 791 malis

90 841 170 883 num
193 818 431 885 demonstrarit
459 817 580 901 aditus,
609 816 725 901 quibus
752 816 787 882 in
808 816 923 881 urbem
946 815 1060 882 venire

91 908 248 992 possent?
294 930 373 973 nurn
401 907 571 992 proposita
609 908 737 990 nostre,
775 927 854 970 num
893 904 1060 970 occultam

91 997 235 1062 civitatis
274 997 475 1063 voluntatem
510 995 687 1080 patefecit?
729 1015 802 1060 cum
839 996 1059 1079 torqueretur,

41 1102 74 1152 10
92 1087 217 1151 minata
240 1089 298 1151 est

158 1173 223 1259 „At
246 1165 401 1260 oppressa
425 1177 502 1239 sunt
528 1174 650 1239 auxilia
677 1195 698 1238 a
725 1172 821 1239 sociis
846 1169 975 1238 misss.“
1023 1168 1060 1237 si

93 1263 211 1329 damna
237 1264 398 1329 bellorum
425 1263 542 1328 deflere
565 1262 632 1347 hic,
659 1261 796 1347 iudices,
824 1265 933 1328 vacat:
960 1260 1061 1345 plure

91 1350 303 1438 perdidimus3
332 1356 366 1417 et
391 1353 494 1418 aciem
521 1351 627 1436 illam,
654 1373 737 1436 quse
760 1350 845 1417 circa
867 1350 973 1416 filium
998 1350 1058 1415 mi·

94 1461 184 1505 serae
211 1440 307 1507 huius
334 1440 432 1506 iacet:
459 1444 511 1506 tot
538 1439 711 1506 fortissimi
740 1439 826 1507 cives
848 1439 957 1506 nostri
980 1439 1060 1505 ceci-

43 1544 74 1593 15
93 1528 218 1594 derunt.
255 1530 284 1595 si
306 1551 383 1596 vero
406 1530 459 1594 lex
481 1531 546 1595 ista
564 1530 642 1596 belli
661 1534 721 1615 est,
744 1529 774 1595 si
791 1529 884 1595 nulla
901 1533 1059 1615 umquem

92 1621 162 1682 tam
190 1618 360 1685 incruente
386 1619 523 1685 victoria
550 1619 701 1704 contigit,
729 1640 812 1704 quae
833 1639 901 1684 non
922 1617 1060 1684 heberet

94 1706 238 1792 aliquam
256 1708 414 1774 tristitiae
431 1706 704 1774 recordationem:
723 1707 932 1792 pensavimus
948 1707 1060 1772 omnic

93 1796 158 1861 ista
180 1796 318 1863 victoris
339 1802 455 1882 seeum
478 1800 516 1863 ut
533 1797 639 1883 possit
651 1796 754 1864 rideri
773 1797 921 1863 secundis
941 1796 1059 1862 omini-

93 1884 154 1950 bus
184 1890 217 1951 et
245 1887 385 1971 quadam
411 1886 619 1971 providentia
640 1909 700 1972 pro
722 1886 817 1952 nobis
840 1885 976 1952 deorum
999 1885 1060 1951 im·

40 1990 75 2038 20
94 1975 282 2040 mortalium
309 1975 445 2060 factum,
474 1978 511 2040 ut
539 1976 619 2042 haec
647 1978 824 2061 caperetur.
878 1975 1059 2042 intrassent

95 2063 261 2129 civitatem
280 2065 406 2147 hostes3
428 2064 526 2131 nobis
545 2068 578 2130 et
597 2086 710 2131 somno
729 2065 867 2150 sepultis
886 2069 920 2129 et
939 2064 1061 2131 securis

96 2150 136 2217 ab
157 2152 245 2217 omni
266 2154 468 2238 cogitatione
488 2153 650 2220 bellorum
668 2156 758 2220 totus
777 2154 885 2219 subito
904 2154 940 2219 in
959 2154 1059 2220 visce-

93 2239 184 2305 ribus
212 2241 314 2326 ipsius
343 2243 435 2309 urbis
462 2241 640 2328 hosti<li>s
670 2243 875 2328 apparuisset
897 2243 1058 2309 exercitus

93 2351 153 2396 nec
184 2331 274 2415 prius
307 2330 456 2416 desisset,
489 2353 587 2416 quam
618 2332 815 2419 incenderet,
847 2334 1058 2419 opprimeret,

42 2434 76 2483 25
96 2417 261 2503 diriperet.

159 2506 233 2594 Hic,
256 2509 285 2575 si
303 2509 420 2595 placet,
443 2509 583 2576 feminee
602 2510 747 2590 animum
767 2510 853 2577 etin
871 2511 1059 2598 emore<m>

92 2597 218 2680 patriae
250 2597 439 2683 adsumptss
473 2600 601 2684 culpate
632 2598 728 2666 viras.
777 2599 928 2667 discussit
965 2601 1058 2686 <vin-

95 2685 203 2768 cula:>
241 2687 371 2753 vinculu
401 2687 473 2772 illa,
511 2710 594 2774 quae
633 2685 685 2775 (ut
715 2689 904 2774 parcissime
937 2689 1058 2779 dicam)

94 2771 198 2839 hostis
223 2775 421 2861 inposuerat,
443 2776 576 2862 femina,
599 2800 690 2862 anus,
712 2781 801 2844 torta
823 2780 920 2865 rupit.
961 2804 1058 2867 quas·

42 2878 76 2929 30
95 2862 177 2946 ritis,
200 2885 263 2948 quo
283 2865 391 2931 animo
410 2865 545 2932 fecerit?
568 2867 720 2954 cogitate,
742 2867 819 2952 quid
836 2891 975 2953 passura
992 2871 1058 2937 fua·

96 2951 141 3016 rit
160 2950 375 3036 deprehensa:
397 2958 486 3021 torta
506 2959 564 3041 est,
588 2959 763 3041 antequam
782 2957 967 3026 offenderet.
1000 2961 1058 3026 ite

165 3131 181 3210 ⁸.
205 3128 388 3198 proposita
410 3135 433 3182 Δ
459 3131 469 3201 ΙΙ
498 3136 530 3186 18
553 3129 630 3188 *ista
652 3131 771 3188 victoria
792 3149 890 3190 recuso
914 3137 947 3189 ut
969 3151 1046 3207 possr

96 3200 153 3266 ΑΒ,
171 3200 226 3252 isto
245 3201 351 3256 victore
369 3203 464 3256 retuso
485 3201 549 3270 Obr,
567 3202 622 3258 ists
641 3202 772 3259 victoria:
791 3205 894 3261 rectius
908 3208 941 3261 ut
955 3225 982 3277 p.
996 3208 1042 3265 Ito

94 3267 254 3325 hominibus
271 3274 316 3344 Bi
330 3278 363 3327 21
384 3271 533 3328 securitate
550 3278 607 3343 AB,
627 3291 696 3331 corr.
715 3281 787 3331 auct.
805 3277 901 3332 insert.
921 3295 966 3348 ap.
986 3279 1044 3336 Aer

94 3345 128 3395 23
148 3340 301 3416 hosti<li>s
321 3344 362 3399 Gr
375 3346 385 3416 ll
404 3350 438 3399 24
457 3343 573 3402 desiiset
590 3345 717 3417 Bllquin
734 3347 788 3402 inc.
806 3353 827 3401 P
845 3349 849 3417 Ι
864 3353 897 3402 25
917 3349 1044 3421 deperire

93 3416 143 3481 As,
163 3411 303 3484 deriperet
320 3421 360 3470 Ab
372 3419 383 3487 ΙΙ
396 3422 431 3471 26
450 3415 615 3493 amore<m)
629 3420 640 3489 ll
653 3424 687 3474 27
706 3416 838 3492 <vincula
878 3420 923 3476 R'o
