2386 3816
327 172 541 230 DECLAMATI
543 173 645 228 ONES.
665 172 844 230 cccxxvfl.
1010 176 1075 242 419

113 282 351 401 adulescentiae
375 335 519 419 crimina,
543 339 578 400 et
599 357 640 400 ne
663 336 698 400 in
717 288 832 403 scortis
852 337 981 422 quidem
998 360 1072 405 reus

113 425 198 490 male
225 424 329 490 audio.
374 424 447 508 plus
475 423 616 489 fortasse
645 446 743 508 quam
769 427 876 510 putat'
866 450 909 510 rs,
941 427 1076 513 iudices,

111 513 306 598 pollicebor.
328 535 395 578 non
415 512 592 597 quemlibet
610 535 649 577 ex
667 513 734 577 illis
754 515 926 598 subselliis,
944 516 1000 580 scd
1020 539 1072 582 ac·

112 601 331 669 cusatorem
321 622 429 685 1psum
456 601 659 666 laudatorem
687 600 784 668 dabo:
803 624 993 704 numquam
1015 604 1072 670 ab·

112 692 241 757 dicavit
286 690 398 774 quidni
420 688 509 754 non?
546 689 729 773 abdicaret,
758 691 850 756 cuius
873 712 940 756 non
964 693 1108 758 solumo

112 780 341 863 innocentiam,
364 779 420 843 sed
443 778 542 843 etiam
564 778 719 843 virtutem
742 778 963 864 cognoverat?
1008 780 1070 846 Fa·

112 870 204 935 cinus
231 867 417 952 indignum!
454 867 539 931 inter
568 866 716 949 speciosa
742 867 881 933 militiae
905 889 1004 951 opera
1026 870 1073 933 in-

112 955 244 1041 pietatis
263 957 409 1041 privatae
428 976 502 1019 reus
521 976 602 1037 sum,
621 976 762 1039 sponsor
781 957 897 1022 salutis
915 957 1072 1042 publicae.

111 1067 179 1111 uon
202 1050 277 1109 sunt
300 1043 444 1108 eiusdem
466 1045 607 1126 pectoris
630 1044 712 1109 vitia
735 1048 769 1109 et
790 1045 939 1111 virtutes.
972 1045 1072 1110 etiam

111 1155 172 1219 pro
196 1133 311 1198 alienis
333 1131 482 1216 patribus
505 1131 659 1196 dimicare
682 1133 782 1199 soleo.
1094 1148 1127 1197 10

181 1220 243 1286 Sed
264 1221 404 1287 forsitan
426 1242 491 1285 non
514 1220 621 1285 solum
643 1242 772 1306 puram,
800 1222 856 1289 sed
880 1222 979 1287 ctiam
1003 1243 1073 1306 spe·

114 1310 236 1375 oiosam
265 1309 486 1378 innocentiam
518 1313 632 1394 gravet
663 1309 697 1373 in
726 1310 936 1395 parricidium
960 1332 1074 1376 causa:

112 1397 270 1483 numquid
288 1397 497 1464 abdicaveras
517 1400 550 1461 et
567 1419 683 1463 exuere
700 1399 885 1464 naturalem
904 1398 1073 1484 indulgen·

112 1488 194 1552 tiam
215 1488 306 1570 prior
327 1485 506 1552 docueras?
530 1486 694 1551 anoliam
719 1487 779 1569 [in]
803 1487 995 1552 hereditatis
1019 1509 1072 1552 cu·

111 1576 249 1659 piditate
270 1575 423 1641 volebam
445 1577 478 1639 te
502 1574 669 1639 occidere?
693 1575 819 1641 scilicet
837 1576 1005 1641 immensis
1024 1576 1072 1640 lu·
1093 1589 1126 1639 15

113 1664 226 1728 xuriae
256 1666 409 1728 oneratus
437 1662 574 1728 damnis.
621 1684 663 1727 an
689 1664 863 1729 infeliciter
886 1667 919 1728 te
942 1664 1073 1730 iubente

112 1773 335 1837 pugnaveram
358 1754 391 1816 et
414 1752 552 1816 inertiae
575 1771 715 1833 poenam
738 1753 895 1816 verebar?
940 1752 1077 1836 „Imm0,

113 1842 232 1924 inquit,
254 1839 377 1905 invitus
401 1837 596 1904 militabas.“
628 1840 675 1904 sic
698 1839 736 1904 fit
759 1859 846 1924 crgo,
868 1842 905 1903 ut
928 1839 1075 1925 quisquis

113 1929 243 1992 hostem
265 1927 369 2011 timet,
391 1931 518 2012 patrem
542 1926 689 1992 occidat?
714 1948 791 2013 ergo
815 1928 901 1992 iners
925 1925 1074 1992 sumt-2

114 2017 205 2101 atqui
231 2015 392 2099 parricida
417 2037 484 2081 non
512 2015 619 2081 solum
648 2015 753 2080 audax
781 2016 877 2081 debat
900 2037 984 2100 esse,
1017 2016 1073 2082 sed
1092 2029 1127 2079 2ο

114 2106 212 2169 etiam
236 2105 437 2170 temerarias.
471 2102 616 2170 invitus?
639 2127 697 2167 -ι
721 2104 799 2191 quid
823 2104 921 2190 ergo?
957 2125 1074 2190 rogare

113 2214 178 2258 non
200 2214 347 2277 possum,
370 2192 411 2258 ad
433 2215 545 2277 preces
569 2193 752 2272 decurrere,
774 2214 842 2259 non
864 2193 905 2259 ad
927 2197 1073 2259 venena?

111 2283 229 2347 iterum
252 2281 404 2367 adlegare
427 2282 549 2347 amicos
573 2301 639 2346 non
661 2281 817 2365 possum?
840 2281 978 2367 denique
998 2281 1072 2365 <si>

111 2392 311 2455 perseveras,
333 2371 418 2436 mori
440 2391 506 2436 non
528 2369 684 2453 possum?
707 2370 793 2456 finge
817 2370 918 2454 enim,
942 2370 1071 2454 qualem

112 2464 146 2524 te
169 2460 250 2524 velis
274 2480 353 2525 csse.
399 2458 583 2524 crudelem?
606 2462 639 2523 et
660 2458 747 2524 hunc
769 2458 865 2524 iudex
889 2456 1127 2536 vindicabitis

112 2552 145 2612 et
167 2551 302 2632 propter
323 2547 411 2611 hunc
433 2547 552 2612 occidet
574 2546 701 2612 filium?
729 2545 786 2612 sed
809 2547 925 2612 melius
949 2567 1010 2633 ego
1034 2546 1074 2612 de

111 2639 145 2699 te
167 2635 283 2700 iudico.
310 2638 391 2718 puto
409 2638 443 2700 te
462 2635 573 2701 omnia
590 2634 799 2719 indulgenter
816 2636 978 2720 imperare
996 2635 1074 2700 filio.

68 2722 72 2729 ’
112 2723 209 2789 avida
236 2726 286 2788 est
313 2723 437 2808 gloriae
467 2726 605 2806 paterna
631 2723 751 2807 pietas:
782 2728 898 2789 nostra
919 2723 1074 2788 tirocinia

111 2812 278 2877 timidiora
296 2815 380 2878 sunt
401 2810 558 2897 numquid
575 2811 759 2896 offenderis,
777 2812 806 2876 si
820 2816 854 2877 te
869 2810 989 2877 laudo?
1014 2810 1071 2875 sed

110 2922 151 2965 ne
174 2901 235 2965 tali
259 2899 389 2985 quidem
410 2899 497 2983 patri
520 2900 643 2984 parco?
1089 2912 1124 2960 30

183 3165 248 3218 aa
265 3179 316 3219 om
334 3163 422 3232 snat
438 3164 497 3218 tam
516 3162 609 3231 3112
627 3163 729 3233 urgeat
749 3161 805 3218 oor
827 3163 836 3232 11
860 3168 894 3217 14
914 3160 969 3232 [in]
987 3159 1045 3215 Aer
1052 3160 1074 3244 11

112 3240 145 3290 19
164 3235 330 3303 timentlta,
348 3233 451 3289 timens
469 3235 681 3303 2122120202
700 3251 761 3288 sum
780 3234 935 3302 audaxltl
948 3230 1010 3286 21
1001 3230 1073 3286 mvi·

109 3308 156 3360 tus
174 3277 373 3378 (militabam)
353 3303 390 3377 >t
412 3305 470 3360 Aer
486 3304 496 3373 1
514 3235 559 3358 22ΙΙ
572 3303 755 3374 advenanss
778 3308 870 3359 232
857 3301 903 3376 >
925 3234 1015 3373 Aer
1037 3306 1071 3357 26

109 3375 190 3432 indes
208 3377 356 3444 2-2126
374 3373 648 3446 preterltssocoidit
666 3378 724 3444 AB,
742 3306 843 3432 darre
886 3373 967 3440 122
980 3304 1087 3437 ’212222-

110 3446 217 3503 nicidia
234 3452 255 3500 B
272 3448 282 3515 1
301 3451 336 3500 29
353 3463 427 3502 nuno
446 3445 515 3517 quid
520 3376 703 3520 Ι12122-22
721 3447 778 3504 sed
791 3442 893 3500 natali
911 3446 957 3492 kt

892 3523 957 3585 22*
