2386 3816
213 160 218 168 ,
286 109 606 170 DECLAMATIONES.
626 112 820 172 CCCXXVIII.
968 112 1032 178 287

426 362 687 432 CCCXXVIII.

367 503 559 574 Disserues
582 503 730 573 fratres.

69 643 144 712 Filii
172 647 319 713 familiae
348 647 412 715 duo
436 648 657 715 adulescentes
681 647 800 713 fratres
824 647 1033 714 dissidebant.

155 735 268 803 iuncta
291 741 385 803 erant
408 758 520 803 eorum
538 737 694 804 cubicula.
726 735 867 820 quodam
885 740 1032 820 tempere

157 825 269 891 audito
291 827 435 891 tumultu
459 827 500 891 in·
516 826 672 892 interiore
695 828 789 909 parte
809 825 923 890 domus
941 824 1031 890 venit
1050 839 1066 889 u

155 918 251 999 puter
273 914 309 979 in
332 937 407 980 eum
429 916 547 1000 losum,
568 915 604 980 in
627 937 691 999 quo
715 915 840 980 clamer
864 916 942 980 erat.
983 913 1030 979 in·

156 1003 247 1069 venit
273 1004 412 1069 alterum
436 1025 476 1069 ex
498 1004 577 1070 filiis
601 1004 751 1070 oeeisum.
797 1003 1032 1069 cubicularium

157 1091 226 1157 eius
249 1093 349 1158 tersit
371 1096 405 1159 et
427 1093 546 1159 oceidit
567 1093 602 1159 in
624 1092 805 1158 tormentis.
844 1091 921 1177 quid
945 1112 1032 1157 eem-

153 1181 286 1266 pererit,
308 1183 469 1248 insertum
493 1186 551 1248 est
584 1182 803 1267 interrogavit
820 1181 914 1247 illum
933 1180 1031 1262 filius,

155 1269 233 1354 quid
269 1271 491 1357 comperisset.
536 1292 602 1337 non
637 1271 835 1336 indicantem
867 1268 1032 1335 accusavit
1051 1284 1084 1333 10

155 1357 348 1427 dementiae.
380 1359 551 1426 absolutus
575 1364 625 1425 est
646 1363 751 1445 pater.
782 1359 909 1425 iuvenis
927 1358 1029 1444 parri·

154 1446 230 1512 cidii
254 1452 436 1534 accusatur,
459 1448 551 1515 adest
573 1449 625 1514 illi
647 1452 749 1533 pater.

464 1642 636 1709 SERMO.

128 1781 192 1849 Rei
219 1805 360 1868 persona
383 1788 458 1850 ante
482 1786 594 1851 omnia
615 1784 808 1869 infametur,
836 1786 869 1848 et
897 1804 1028 1848 neeesse

64 1875 128 1957 est,
154 1894 215 1938 nos
243 1872 285 1938 ab
314 1894 352 1939 eo
381 1873 532 1958 incipere.
577 1873 667 1958 prius
696 1893 773 1958 ergo
804 1871 962 1936 sumimus
985 1869 1028 1956 id,
1047 1887 1080 1936 15

64 1960 149 2046 quod
171 1961 262 2046 prius
285 1962 413 2028 videtur
436 1984 506 2028 esse
529 1962 565 2028 in
587 1983 736 2047 persona
772 1960 927 2027 occidisse
949 1959 1027 2024 diei·

62 2054 117 2116 tur
138 2049 288 2116 fratrem:
311 2051 374 2117 hoe
398 2052 527 2117 etiamsi
549 2073 617 2117 non
637 2071 811 2136 possumus
833 2049 969 2133 efficere,
990 2051 1028 2113 ut

62 2138 229 2204 interum
250 2143 371 2206 natura
392 2163 459 2208 non
482 2162 554 2207 esse
576 2139 736 2226 videatur,
761 2162 799 2207 eo
822 2143 933 2205 tamen
955 2159 1027 2222 per·

62 2226 225 2314 ducemus,
246 2233 285 2295 ut
306 2252 374 2297 non
396 2230 491 2296 facile
516 2229 676 2297 eradatur.

275 2442 278 2449 ’
375 2422 715 2492 DECLAMA'IIO.
1046 2437 1080 2487 20

128 2564 278 2632 Obicitur
299 2589 356 2633 reo
380 2567 543 2634 discordia
561 2567 769 2634 cumfratre:
793 2569 826 2630 et
844 2564 907 2630 hoe
922 2564 1027 2649 prius-

62 2676 160 2741 quam
193 2655 233 2720 ad
266 2677 381 2721 eausas
413 2657 578 2740 pertineat
606 2654 785 2736 occidendi,
818 2653 858 2719 ed
890 2653 1027 2718 crimina

59 2765 219 2830 personae
247 2745 458 2810 admittimus.
502 2744 663 2810 discordia
690 2741 910 2809 cumfratre?
952 2746 1026 2807 ante

61 2833 180 2916 omnia,
211 2853 382 2899 commune
405 2833 614 2899 maledictum
637 2836 688 2899 eet
710 2853 784 2899 oum
807 2853 855 2916 eo,
880 2830 935 2916 qui
957 2830 1026 2897 vin·

61 2921 200 3007 dicatur,
228 2925 261 2987 et
289 2944 388 3008 penes
412 2945 508 3008 quem
531 2923 627 3008 eulpa
648 2921 761 3007 fuerit,
788 2920 894 3006 magis
918 2922 1027 3006 potest
1045 2935 1079 2984 25

131 3120 150 3169 4
168 3131 265 3170 eorum
283 3132 334 3172 em.
353 3120 393 3168 Aa
407 3118 447 3187 116
466 3115 541 3185 qnod
559 3133 639 3173 amor
656 3121 735 3170 B-l’
748 3117 758 3186 [Ι
772 3120 807 3170 10
825 3114 971 3170 accusator
988 3111 1026 3184 ΔΗ

60 3192 95 3242 14
112 3187 272 3242 infirmatur
288 3192 352 3256 ΑΒ,
381 3203 449 3244 corr.
468 3187 513 3243 Ro
535 3189 544 3258 ΙΙ
568 3194 673 3244 13-21
693 3187 800 3243 Sermo.
820 3184 958 3241 Obiieitur
975 3199 1024 3239 reo

59 3263 106 3316 ae.
125 3259 228 3329 (unias.
241 3258 284 3314 rei
297 3275 416 3330 persona
430 3289 464 3300 -
479 3259 617 3315 credatur.
635 3257 823 3327 Declamatio)
841 3260 862 3308 B
885 3257 944 3325 uit
962 3271 1025 3325 per·

59 3329 198 3387 mittimus
216 3334 237 3383 B
260 3332 270 3400 n
292 3333 373 3401 patre
396 3335 460 3397 ης
488 3331 605 3398 sonasse
621 3328 795 3404 ⁸[diseerdia
818 3345 882 3384 aum
900 3325 1032 3396 fratreltt

59 3407 93 3458 25
113 3403 143 3458 et
158 3417 246 3471 penes
265 3419 290 3470 q.
306 3419 328 3459 e.
343 3402 362 3459 f.
377 3421 414 3458 m.
432 3403 530 3475 potest
547 3419 600 3464 oen.
619 3406 663 3460 Aa
