2386 3816
538 165 765 235 onurmmur

574 380 736 449 GOGLX.

320 507 383 574 Lis
407 506 450 575 ds
474 506 621 574 dotibus
644 524 769 576 socrus
794 507 832 575 st
854 524 981 574 nurus.

173 650 288 717 Parni
321 668 427 717 narro
460 667 565 716 norrs
597 667 795 715 amaneus.
850 648 1016 728 Quaedam
1054 651 1144 734 apud

263 741 368 805 filium
391 740 509 804 amisso
533 740 603 805 viro
628 740 737 805 dotem
761 738 902 822 reliquit
946 739 1143 804 adulescens

139 847 155 896 o
264 829 362 894 ducta
384 849 484 893 uxore
508 828 622 893 dotata
644 828 791 893 decessit.
824 849 874 892 res
897 826 1054 892 solvendo
1075 850 1144 893 non

264 921 321 984 est.
362 917 561 982 contendunt
585 938 696 983 socrus
720 921 753 981 et
769 938 878 1000 nurus,
902 919 976 980 utra
995 917 1143 999 primum

266 1007 376 1072 dotem
399 1005 544 1090 accipiat.

569 1178 743 1246 SERMO.

243 1307 413 1373 Mulierem
441 1307 533 1372 illam
562 1328 690 1373 socrum
718 1329 818 1372 nurus
846 1306 930 1372 dicet
957 1306 1044 1373 hanc
1076 1309 1141 1373 rui·

123 1412 157 1461 10
174 1418 251 1461 nam
279 1396 469 1480 patrimonii
495 1398 733 1478 postmortem
761 1396 823 1460 viri
846 1394 959 1460 statim
983 1398 1140 1462 sensisse:

175 1507 242 1550 non
270 1484 446 1568 sumpsisse
475 1484 597 1567 dotem,
624 1505 666 1548 ne
696 1489 730 1548 et
750 1484 855 1548 filium
878 1481 1084 1550 decoloraret
1109 1490 1141 1551 et

177 1572 287 1638 dotem
310 1593 438 1657 quoque
461 1572 617 1655 perderet.
654 1573 765 1657 itaque
785 1573 882 1640 etiam
902 1572 1051 1638 dotatam
1071 1575 1140 1640 filio

176 1662 342 1747 quaesisse
365 1682 507 1743 uxorem,
530 1682 595 1745 quo
617 1659 747 1727 facilius
765 1666 878 1746 posset
895 1662 1021 1726 ruentis
1040 1664 1141 1747 patri-

175 1751 277 1816 monii
300 1752 461 1816 rationem
483 1749 606 1816 fulcire.
654 1750 764 1833 addat,
794 1749 931 1817 donasse
953 1749 1046 1815 illam
1070 1752 1140 1817 filio

124 1854 157 1904 15
175 1839 382 1924 petitionem:
401 1838 506 1923 hodie,
525 1840 602 1924 quia
620 1838 847 1922 decess<er>it
865 1843 1052 1905 retractare.
1078 1839 1140 1906 Sed

177 1932 209 1994 et
231 1928 443 2013 praescribat.

488 2103 826 2171 Dnonnnnrlo.

128 2236 134 2247 '
243 2227 322 2295 Sero
350 2227 448 2313 petis,
477 2233 509 2293 et
539 2230 627 2294 aliud
649 2229 885 2314 patrimonium
908 2232 966 2294 est.
998 2233 1036 2296 tu
1062 2233 1140 2299 dum

173 2319 268 2384 heres
297 2317 407 2383 mariti
436 2318 486 2382 tui
510 2322 593 2402 erat,
622 2317 732 2383 afilio
755 2315 870 2401 petere
890 2318 1046 2384 debuisti:
1078 2343 1159 2408 ego,

121 2423 155 2473 20
175 2429 213 2473 ex
250 2407 345 2472 bonis
378 2406 488 2471 mariti
521 2407 586 2471 mci
618 2409 738 2490 repeto.
793 2429 870 2472 nam
903 2407 984 2472 duae
1014 2415 1140 2476 mortes

173 2497 369 2561 maritorum
391 2494 534 2560 diversas
558 2495 778 2561 successiones
800 2495 931 2562 habent.
964 2496 1052 2562 bona
1071 2521 1140 2564 rna-

173 2585 230 2649 riti
270 2585 337 2649 mei
367 2587 473 2649 morte
515 2584 583 2648 eius
620 2584 708 2649 facta
749 2588 842 2648 sunt:
894 2584 969 2649 dum
1005 2587 1141 2671 viveret,

174 2675 277 2758 patris
300 2673 440 2738 fuerunt.
485 2671 554 2737 Dos
579 2677 641 2758 est,
671 2673 699 2739 si
728 2695 748 2737 a
775 2674 844 2738 viro
873 2677 930 2738 aut
953 2674 993 2739 ab
1017 2674 1140 2742 herede

176 2763 244 2828 eius
267 2764 449 2848 repetatur:
473 2765 510 2826 tu
534 2761 654 2826 amisso
678 2761 747 2826 viro
772 2783 845 2826 cum
870 2762 978 2828 dotem
997 2784 1066 2828 non
1084 2788 1140 2849 pe·

122 2863 157 2913 25
176 2850 256 2934 tisti,
279 2851 386 2915 fecisti
409 2849 566 2915 creditum
591 2872 629 2915 ex
653 2850 737 2915 dote.

246 3065 261 3114 5
282 3060 448 3115 solvendo
467 3066 490 3115 A
508 3064 548 3132 116
567 3062 675 3131 primus
693 3062 741 3130 All
764 3067 798 3116 14
816 3061 925 3116 fulcio
944 3063 990 3131 Al
1005 3068 1038 3117 15
1061 3064 1140 3134 quis]

173 3149 207 3201 qr
224 3135 301 3184 B-l’
325 3133 335 3202 ss
357 3130 500 3188 *decessit
517 3138 548 3199 Δ,
567 3149 617 3187 om.
635 3134 680 3202 Bu
705 3139 737 3188 16
756 3136 790 3178 v
810 3134 842 3187 ire
859 3150 945 3203 marc.
965 3135 1011 3203 An
1035 3139 1069 3189 18
1090 3135 1141 3190 du-

174 3205 241 3259 dum
260 3208 301 3257 Aa
319 3209 344 3259 et
362 3205 420 3260 edd.
435 3207 444 3273 l
458 3210 493 3258 24
511 3205 625 3273 petatur
642 3209 684 3258 A·
696 3205 706 3274 u
720 3210 753 3259 25
774 3204 835 3260 dos
853 3208 877 3257 Δ
