2386 3816
303 251 625 310 DECLAMATIONES.
645 253 797 311 OOCXXX.
973 256 1039 324 299

74 414 237 502 praestari
259 415 322 480 filii
344 414 394 480 tui
416 415 539 482 matri?
567 420 600 481 et
623 417 652 482 si
673 416 736 483 hoc
754 419 863 485 animo
882 418 981 505 fuisti,
1001 423 1040 485 tu

72 505 216 588 voluisti,
238 509 277 570 tu
300 504 426 570 dedisti.
457 526 517 570 nec
540 506 628 571 enim
647 506 798 591 cuiquam
818 507 971 573 credibile
990 509 1040 574 vi-

71 594 143 660 deri
174 596 299 679 potest,
330 595 501 679 ignorasse
528 597 576 677 te,
614 616 656 660 an
688 615 750 679 ego
782 617 858 662 vere
885 619 1038 664 amarem

70 705 124 750 me
149 683 218 748 sine
241 682 340 748 dubio
365 687 399 747 et
420 683 614 749 verecundia
636 688 670 749 et
690 687 796 749 metus
818 685 961 751 inhibuit
980 687 1038 752 ali·
1121 699 1123 703 ’

72 774 247 858 quatenus,
270 793 383 836 verum
407 773 520 837 statim
543 772 657 839 dicere.
695 772 751 838 sed
774 793 844 838 oum
866 776 1037 858 pecuniam
1057 790 1073 839 5

70 861 267 945 acciperem,
294 860 370 925 illae
398 883 449 926 me
478 861 649 927 subierunt
677 862 906 947 cogitationes,
939 885 1038 948 quam

68 949 293 1034 indulgenter,
320 970 419 1033 quam
446 949 622 1034 prudenter
648 950 785 1034 faceres,
813 954 850 1015 ut
873 952 1038 1017 infelicem

68 1038 227 1103 feminam
255 1037 371 1121 aleres,
403 1059 463 1103 nec
489 1039 645 1104 videreris
673 1039 708 1103 in
736 1040 877 1124 gratiam
904 1040 1037 1105 redisse.

137 1126 206 1210 „Tu
223 1128 345 1210 tamen,
367 1125 483 1210 inquit,
503 1129 661 1194 mentitus
680 1149 714 1193 es
733 1128 821 1211 patri
840 1133 873 1193 et
893 1149 1037 1195 amorem

70 1214 249 1280 meretricis
272 1214 424 1279 finxisti.“
454 1214 506 1280 Ita
529 1215 734 1281 innocentior
756 1238 854 1298 eram,
877 1217 906 1282 si
923 1237 1036 1282 verum
1057 1231 1091 1280 10

65 1301 247 1368 dixissem?
282 1302 381 1386 plena
402 1306 453 1368 est
474 1302 660 1370 huiusmodi
683 1305 809 1370 artibus
831 1305 915 1388 vita,
937 1305 1035 1389 plena

68 1396 145 1458 sunt
172 1392 273 1456 etiam
299 1391 444 1456 theatra:
477 1393 785 1459 circumscribuntur
808 1397 842 1458 et
865 1415 1034 1459 servorum

64 1481 195 1546 artibus
217 1484 328 1566 patres
352 1484 386 1545 et
407 1480 585 1547 mendaciis
608 1482 766 1547 filiorum:
794 1485 827 1547 et
849 1481 1034 1569 ignoscunt,

65 1591 141 1636 cum
165 1569 389 1635 meretricibus
411 1569 548 1654 pecunia
576 1570 684 1655 datur,
713 1593 786 1637 cum
809 1571 920 1657 aliqua
947 1594 966 1636 a
990 1572 1035 1635 lc-

66 1681 151 1725 none
183 1658 354 1723 redimitur
386 1659 513 1724 ancilla.
558 1659 625 1724 dixi
658 1681 802 1726 amorem
829 1682 900 1726 esse
932 1674 1087 1726 mere-15

64 1748 172 1813 tricis:
195 1751 363 1831 acceptam
384 1749 557 1831 pecuniam
579 1750 678 1813 matri
701 1748 783 1813 dedi.
828 1749 1034 1814 innocentior

65 1857 145 1922 ergo
178 1857 280 1920 eram,
313 1836 341 1901 si
372 1837 543 1920 pecuniam
571 1837 669 1901 matri
702 1837 840 1920 petitam
870 1837 1035 1901 meretrici

67 1924 253 1990 dedissem?

134 2012 245 2079 Possit
267 2011 371 2079 videri
390 2013 460 2078 sine
479 2012 577 2078 dubio
599 2012 715 2077 durum
734 2015 767 2076 et
786 2033 948 2097 asperum,
970 2032 1036 2098 me,

67 2124 142 2168 cum
165 2102 235 2187 ipse
259 2102 321 2167 sim
344 2101 379 2165 in
397 2100 551 2186 periculo,
574 2100 675 2165 etiam
694 2099 797 2184 <pro>
817 2101 882 2167 alio
901 2121 1035 2187 rogare:
1054 2115 1089 2166 2ο

68 2212 289 2276 quaecumque
312 2194 423 2255 tamen
447 2189 582 2274 occasio,
605 2210 827 2275 quaecumque
849 2194 962 2256 tamen
980 2211 1037 2255 ne-

69 2280 203 2346 cessitas
227 2283 290 2363 est,
320 2279 438 2344 eiiam
463 2298 524 2363 ego
549 2278 681 2363 offendi,
710 2279 739 2345 si
762 2279 853 2364 quid,
876 2279 961 2364 quod
983 2301 1038 2363 pa

67 2390 141 2434 rum
175 2367 365 2452 simpliciter
397 2367 596 2454 rogaverim,
634 2367 796 2453 irasceris,
826 2367 919 2433 illam
954 2389 1038 2432 com-

70 2456 192 2524 mendo
215 2456 381 2522 miseram:
404 2479 470 2522 non
492 2459 531 2522 ut
552 2457 689 2522 reducas
709 2452 787 2540 (fuit
804 2457 869 2521 ista
888 2477 961 2540 spes
981 2455 1038 2520 ali-

66 2545 201 2635 quando
230 2549 264 2610 et
292 2545 447 2629 forsitan,
475 2546 504 2610 si
526 2545 652 2610 felicior
676 2567 793 2629 essem,
821 2546 966 2609 maneret
984 2544 1038 2609 ad·
1057 2557 1093 2606 25

64 2632 160 2722 huc),
183 2634 274 2719 illud,
297 2634 384 2720 quod
407 2654 505 2719 egens
530 2637 562 2700 et
585 2634 753 2699 abdicatus
776 2654 908 2699 necesse
931 2632 1037 2698 habeo

59 2724 252 2810 deprecari,
274 2730 312 2789 ut
335 2724 418 2807 alas,
441 2723 572 2788 etiamsi
594 2723 754 2788 irasceris.
801 2721 931 2825 qualem
950 2721 1038 2785 enim

56 2815 209 2881 miserae
237 2813 326 2877 illius
350 2811 519 2878 existimas
541 2811 660 2896 vitam,
691 2833 764 2876 cum
788 2811 878 2877 crbos
902 2808 1037 2877 cotidia-

50 2919 130 2970 nos
154 2902 238 2987 petit
261 2905 294 2966 et
317 2922 444 2984 semper
466 2902 501 2965 in
524 2904 692 2985 posterum
716 2920 812 2986 egeus
837 2899 909 2966 est?
952 2899 1039 2988 equi-

51 2993 144 3058 dem
159 3012 282 3074 vereor,
296 2990 428 3074 iudices,
441 3012 483 3055 ne
496 2993 573 3074 post
586 2989 671 3055 hanc
685 3011 791 3055 meam
806 2989 1038 3074 calamitatem,
1058 3003 1092 3053 30

50 3102 169 3170 quam
201 3079 394 3164 praesertim
427 3081 590 3165 excepisse
617 3100 669 3144 me
696 3082 830 3164 propter
857 3079 1038 3145 misericor-

143 3260 158 3308 1
178 3254 320 3324 praestare
340 3259 363 3306 A
385 3255 395 3322 ΙΙ
414 3253 454 3326 et]
474 3256 505 3309 at
522 3253 567 3310 Ro
580 3257 590 3326 {l
612 3253 668 3307 fuit
685 3257 750 3322 AB,
769 3269 838 3309 corr.
857 3252 915 3308 Aer
932 3253 973 3322 l4
991 3269 1036 3309 me

44 3342 120 3383 om.
141 3328 185 3395 311
198 3328 276 3380 metu
293 3328 314 3377 B
329 3327 368 3396 [15
387 3326 440 3379 *ut
459 3329 510 3379 AB
524 3327 534 3395 l
549 3330 583 3379 10
600 3323 736 3379 influxisti
754 3326 908 3394 Bssverom
926 3325 990 3395 Asu
1006 3328 1040 3378 14

49 3399 200 3454 alienone
219 3401 260 3451 Aa
287 3398 296 3466 ΙΙ
326 3402 360 3452 20
379 3395 473 3471 (pro)
491 3396 548 3452 Aer
569 3397 580 3466 fl
601 3401 635 3452 21
656 3395 766 3452 occasio
785 3410 969 3464 quaecunque
987 3410 1039 3450 orn.

46 3467 86 3522 B
113 3472 118 3540 Ι
137 3469 235 3523 tamen
253 3484 303 3525 om.
322 3474 343 3521 Ρ
375 3471 379 3539 1
407 3473 442 3524 25
461 3470 642 3523 manerem!
669 3469 681 3538 u
707 3470 814 3522 26-26
831 3480 952 3520 manere
964 3464 1048 3518 ‘allud

43 3472 162 3594 adluo
179 3543 234 3608 AB,
255 3556 322 3595 corr,
373 3555 389 3595 o
400 3542 414 3612 1}
426 3544 460 3596 28
480 3539 675 3598 exaestimans
696 3542 721 3594 Α
