2386 3816
346 136 665 225 nncnnnsuouss.
693 169 835 226 eccuni.
1003 170 1068 236 213

107 320 208 418 quoni
230 333 443 405 ille'‚omnino
466 336 699 398 testamentum
717 354 783 399 non
800 333 955 399 fecisset?
984 335 1069 418 quod

110 423 140 488 si
166 421 228 490 hoc
251 444 311 507 pro
333 445 401 488 non
424 423 510 489 facto
535 427 598 506 est,
630 425 718 504 ne[o]
741 426 975 488 testamentum
998 423 1069 508 qui-

106 512 181 577 dem
204 511 306 578 videri
329 515 448 597 potest.
479 511 641 596 fingamus
659 510 781 577 fuisse
799 512 951 577 ultimum
970 515 1069 577 testa·

101 603 264 666 mentum:
281 601 416 687 quando
440 600 647 686 quaerimus?
676 603 756 686 puto
780 622 854 666 cum
877 623 929 666 res
951 601 987 665 in
1009 601 1069 665 lite

104 694 169 774 est,
208 711 282 756 cum
314 690 349 755 in
382 689 610 775 disputatione.
660 712 720 757 nec
752 690 896 774 pertinet
927 689 966 755 ad
998 705 1103 774 noso

106 779 194 865 quod
215 779 315 845 fuerit
337 779 503 866 ultimum,
528 781 584 845 sed
606 779 694 865 quod
707 779 770 844 ‘sit
816 779 844 843 si
866 779 917 843 ius
940 780 1069 863 utrique

104 871 301 936 testamento
329 872 509 953 constaret,
535 869 652 934 fuisset
679 868 761 933 illud
788 868 955 951 ultimum,
984 867 1069 952 quod

104 960 222 1043 postea
239 957 361 1024 factum
380 961 442 1024 est:
465 959 523 1023 illo
542 980 619 1024 vero
640 958 769 1024 sublato
787 957 905 1043 incipit
918 955 1069 1021 ultimum

105 1047 295 1132 essequod
326 1047 478 1114 relictum
506 1051 569 1130 cst,
603 1052 640 1114 ut
666 1047 701 1112 in
728 1047 930 1112 contentione
958 1067 1069 1111 cursus

106 1137 163 1222 qni
184 1137 351 1222 proximus
374 1137 415 1203 ab
439 1138 554 1202 ultimo
578 1136 691 1221 fuerit,
715 1137 743 1202 si
766 1136 903 1201 desistat
925 1135 1068 1219 ultimus,
1088 1151 1122 1201 10

104 1225 140 1290 in
171 1247 291 1292 nomen
321 1226 412 1291 illius
444 1226 617 1312 locumque
645 1225 797 1291 succedit.
840 1244 918 1309 ergo
940 1226 978 1289 ut
1004 1245 1069 1290 non

104 1313 206 1380 fuerit
227 1315 381 1381 ultimum
401 1336 508 1381 meum
527 1314 701 1401 aliquando
720 1318 962 1399 testamentum,
985 1334 1068 1377 nunc

106 1404 261 1493 ultimum
283 1408 346 1489 est,
370 1410 405 1470 et
427 1426 485 1472 vos
508 1405 543 1470 id
564 1407 797 1470 testamentum
818 1403 958 1489 fecistis,
981 1402 1069 1467 dam-

104 1493 213 1560 nando
236 1493 280 1580 id,
304 1493 389 1580 quod
411 1498 527 1579 postea
550 1493 673 1560 factum
696 1497 777 1561 erat.

415 1659 418 1667 ⁵
507 1706 679 1773 sunno.
797 1720 798 1723 Ν
1095 1719 1128 1769 n

109 1832 113 1841 ’
179 1831 251 1898 Hoc
275 1832 317 1898 ad
338 1833 438 1898 verba
461 1833 556 1918 legis,
579 1831 659 1897 illud
684 1832 725 1897 cd
748 1833 957 1897 voluntatem.

426 2025 763 2094 DECLAMATIO.
890 2027 896 2039 '

177 2151 262 2230 Quid
283 2155 437 2236 putams
461 2156 607 2218 secutum
631 2172 701 2217 esse
720 2151 838 2236 legem,
861 2172 942 2236 quae
961 2151 1070 2216 valere

108 2242 215 2309 voluit
248 2242 402 2307 ultimum
436 2241 692 2308 testamentum?
737 2241 832 2325 plura
862 2240 972 2307 valere
1002 2262 1070 2306 non

108 2335 276 2417 poterant,
309 2334 342 2396 et
368 2331 404 2395 in
430 2333 500 2396 tam
527 2331 678 2396 mutabili
705 2332 824 2395 natura
853 2329 1070 2395 humanorum
1088 2344 1123 2392 20

110 2421 292 2486 animorum
316 2419 452 2485 diversis
477 2419 652 2485 heredibus
674 2419 783 2484 media
804 2419 846 2484 lis
868 2419 1070 2503 relinqueba-

109 2513 173 2575 tur.
211 2509 371 2595 optimum
394 2508 565 2575 videbatur
588 2531 673 2592 esse,
696 2513 734 2573 ut
756 2508 905 2593 proxima
928 2528 1071 2592 quaeque

109 2599 263 2665 voluntas
287 2597 434 2663 duraret:
457 2599 520 2664 hac
538 2619 615 2664 vero
635 2597 766 2664 sublata
786 2619 919 2662 necesse
937 2601 987 2661 est
1000 2618 1072 2661 eam

110 2687 237 2772 durare,
259 2708 341 2771 quae
365 2686 436 2752 sola
459 2691 518 2752 est.
555 2685 646 2752 Fecit
668 2688 790 2752 amicus
814 2708 905 2752 meus
929 2708 966 2751 eo
990 2689 1071 2752 tem-

108 2799 198 2862 pore,
221 2798 285 2861 quo
304 2796 356 2840 me
374 2775 568 2842 instituebat
585 2775 746 2860 heredem,
768 2776 952 2862 legitimum
970 2778 1070 2841 testa·
1089 2789 1125 2838 25

109 2870 264 2932 mentum.
307 2887 384 2930 nam
408 2868 441 2930 et
463 2864 635 2930 constabat
658 2865 687 2930 ei
709 2869 780 2930 tum
802 2864 972 2949 iudicium3
1007 2886 1070 2951 quo

110 2955 218 3020 minus
248 2954 403 3020 erubesco
431 2955 497 3019 ista
519 2955 702 3020 mutatione
724 2953 866 3020 heredis:
897 2954 933 3019 in
955 2954 998 3020 cis
1022 2957 1070 3019 to-

110 3043 197 3109 bulis
222 3043 306 3110 alius
328 3043 466 3129 legitur,
493 3065 576 3128 quae
599 3043 650 3108 ius
673 3065 740 3109 non
762 3044 959 3129 habuerunt,
987 3066 1070 3128 quae

110 3154 177 3198 non
210 3133 283 3217 lege
315 3133 519 3218 conscriptae
553 3136 642 3218 sunt,
679 3155 761 3218 quae
792 3133 932 3200 fortasse
969 3133 1070 3197 etiam

181 3332 198 3380 2
218 3324 325 3382 iactum
342 3330 383 3378 Δι
406 3328 415 3396 t!
438 3325 655 3409 *ιιε[ο]118-9
674 3326 842 3409 insomnia
859 3325 910 3382 ult.
929 3329 978 3452 Ἤ
997 3332 1013 3381 9
1032 3328 1075 3381 est

112 3414 162 3455 om.
180 3403 200 3450 P
222 3397 232 3467 [Ι
254 3399 287 3453 ut
304 3413 354 3453 mn.
373 3401 394 3450 B
412 3399 423 3468 ΙΙ
438 3398 565 3452 tent1one
584 3401 619 3465 Δ,
638 3397 795 3452 intent1one
814 3402 846 3469 B,
863 3413 934 3452 corr.
979 3415 994 3451 c
1012 3400 1080 3467 tue

114 3486 143 3524 es
159 3473 183 3520 Δ
193 3470 209 3537 ᾖ
220 3475 256 3524 26
271 3467 311 3524 sit
326 3468 373 3525 Bo
384 3471 398 3540 ll
410 3474 444 3525 29
462 3467 509 3526 his
527 3472 592 3543 As,
611 3487 684 3529 core.
704 3468 750 3528 Ro
