2386 3816
162 165 228 230 232
528 162 759 229 QUINTILIANI

164 332 213 395 est
241 328 444 393 innocentem
473 347 570 412 posse
600 325 756 393 damnari.
796 348 863 393 non
893 324 980 391 enim
1011 322 1132 390 dicitur

164 419 351 502 corruptum
378 437 449 482 esse
476 415 647 500 iudicium,
674 438 741 483 non
763 418 926 481 versatam
949 412 1132 499 pecuniam.

163 507 210 571 ita
241 528 309 572 non
337 505 523 571 erubescis?
558 505 722 570 homicida
748 505 839 570 visus
871 526 915 570 es.
964 506 1003 568 tu
1023 524 1130 586 porro

163 600 292 661 tantum
312 595 491 662 accusatori
510 593 682 660 irasceris?
704 616 772 660 non
789 594 876 660 idem
893 593 934 657 de
952 596 986 658 te
1000 591 1131 658 iudices

129 699 144 749 5
165 683 356 751 senserunt?
378 705 445 750 non
469 683 614 751 omnium
638 682 841 750 sententiae?

553 964 735 1034 coum.

425 1109 501 1192 Ego
524 1109 573 1193 te,
598 1109 713 1193 puter,
737 1108 863 1202 occidi.

162 1252 333 1319 Parricidii
360 1274 434 1318 rcus
462 1253 596 1337 paribus
625 1250 797 1318 sententiis
827 1251 991 1318 absolutus
1014 1251 1129 1318 furere

253 1342 360 1425 coepit
383 1346 419 1429 et
439 1341 544 1407 dicere
566 1363 625 1426 per
647 1341 790 1420 furorem
814 1338 1009 1426 frequenter:
1039 1362 1129 1428 >ego

112 1446 145 1495 10
252 1436 295 1515 te,
313 1434 417 1515 pater,
435 1430 569 1496 occidis
587 1431 802 1516 magistratus
816 1434 983 1515 tamquam
995 1428 1035 1496 de
1051 1453 1129 1498 oon·

253 1520 340 1585 fesso
365 1519 562 1604 supplicium
585 1520 732 1605 sumpsit.
769 1542 843 1585 reus
868 1523 918 1585 est
941 1519 1057 1587 caedis.

557 1748 730 1816 SERMO.

231 1891 265 1958 si
288 1915 352 1977 qua
375 1896 478 1974 erunt,
502 1916 585 1978 quae
604 1915 624 1958 a
642 1914 694 1959 ms
712 1893 746 1958 in
766 1892 981 1959 divisionibus
1000 1898 1129 1962 contro-

163 1983 342 2048 versiarum
374 1982 524 2049 dicantur
558 1983 670 2049 eadem
701 1981 916 2068 frequentius,
943 1983 1129 2070 intellegite

112 2085 144 2135 15
163 2071 233 2136 fieri
255 2071 397 2154 primum
420 2075 552 2156 propter
574 2073 793 2137 interventum
815 2068 988 2159 novoruni3
1012 2073 1128 2139 deinde

162 2162 296 2243 propter
319 2159 540 2226 condicionem
563 2161 764 2227 divisionum.
795 2183 872 2226 nam
890 2161 935 2245 hi,
959 2161 1015 2246 qui
1028 2167 1129 2230 antea

162 2269 229 2314 non
256 2247 428 2314 audierunt
453 2250 654 2334 pertinentia
683 2250 724 2316 ad
746 2251 856 2337 pluras
881 2255 1129 2338 controversias,
1157 2300 1161 2305 ·

96 2400 100 2408 ,
164 2337 283 2404 debent
305 2359 513 2425 cognoscere:
542 2345 575 2405 et
603 2338 643 2404 ad
665 2340 845 2424 praesentis
869 2341 1026 2406 materiae
1047 2362 1127 2408 con-

163 2429 340 2494 troversias
364 2428 472 2514 <non>
494 2427 578 2494 nihil
601 2428 750 2512 interest,
775 2429 937 2514 quomodo
961 2450 1021 2516 ego
1043 2429 1127 2496 divi·

109 2529 144 2581 20
164 2518 270 2582 serim.

228 2641 291 2707 Est
310 2645 419 2707 autem
438 2662 604 2708 commune
622 2641 742 2726 (huic)
762 2663 834 2708 cum
848 2643 921 2708 aliis
941 2646 1127 2709 controver-

164 2729 220 2794 siis
240 2730 336 2797 huius
356 2732 512 2798 materiae
530 2731 619 2816 illud,
643 2731 729 2817 quod
747 2752 821 2796 reus
841 2732 1059 2819 magistratus,
1083 2733 1126 2799 de

163 2819 253 2884 cuius
281 2841 439 2904 personae
469 2821 628 2907 dignitate
655 2820 737 2887 haec
764 2821 837 2905 ipsa
863 2843 915 2887 res
945 2821 1022 2887 satis
1049 2844 1126 2906 pro·

161 2907 300 2974 nuntiat.
337 2908 465 2974 videtur
493 2911 591 2976 etiam
619 2910 659 2976 de
687 2913 761 2976 ante
790 2914 864 2977 acta
893 2911 962 2976 vita
985 2910 1127 2997 probari,

177 3122 185 3149 .·
233 3106 248 3155 2
268 3102 441 3156 reversatam
459 3107 500 3155 Aa
513 3105 552 3171 113
572 3103 736 3159 erubescitis
755 3110 796 3158 Aa
809 3106 849 3174 lt
868 3103 960 3160 occidi
978 3105 1125 3175 magistra-

160 3174 206 3227 tus
225 3177 265 3225 As
287 3174 297 3242 ΙΙ
320 3176 351 3225 16
370 3172 412 3227 hii
429 3177 453 3225 Δ
466 3176 476 3244 ΙΙ
491 3179 523 3227 17
543 3175 760 3237 controversitas
778 3181 819 3229 Aa
836 3178 846 3244 i
866 3182 970 3232 18-19
985 3175 1124 3232 materiae

160 3242 232 3297 illud
252 3243 455 3300 controversias
472 3250 512 3298 Aa
535 3246 544 3315 ll
566 3251 599 3300 19
618 3244 716 3320 (non)
733 3246 778 3302 Ro
801 3249 811 3317 ΙΙ
834 3253 867 3302 21
888 3247 1038 3303 communis
1056 3265 1125 3304 cura

162 3313 435 3382 controversum,
463 3315 618 3372 communis
642 3334 708 3372 cura
734 3318 798 3372 aliis
822 3317 1014 3375 controversiis
1038 3324 1123 3386 Ab&

161 3402 307 3443 commune
323 3403 388 3442 cum
402 3387 464 3443 aliis
479 3388 675 3444 controversiis
689 3388 775 3455 Ram
786 3391 851 3446 hinc
864 3389 1125 3464 commune<huic>

156 3473 219 3512 cum
238 3458 304 3515 aliis
321 3457 368 3516 Ilo
379 3461 392 3531 1}
406 3464 439 3516 22
460 3476 548 3532 quoq:
566 3465 587 3514 B
602 3463 660 3533 lat
678 3477 724 3517 res
741 3476 792 3518 our.
810 3466 831 3514 11
936 3494 939 3499 -
