2386 3816
275 146 591 231 uacurmmouus.
612 173 817 230 cccxxxvii.
959 174 1022 239 327

62 335 118 420 qui
150 334 234 398 mori
265 335 348 400 vult:
381 336 443 400 hoc
472 336 553 401 satis
581 341 640 402 est.
690 337 745 402 sed
774 337 813 402 de
844 358 881 401 eo
905 358 1024 423 cogno·

64 424 177 502 scitur,
204 427 317 506 turpes
347 424 413 489 sint
442 447 557 489 causae
585 448 628 490 an
655 448 694 491 ex
721 426 841 491 iniuria
870 423 921 511 (ut
944 424 1023 512 dixi)

62 513 213 578 fortunae
240 513 497 594 proficiscantur.
542 514 661 598 aliquis
690 520 780 579 metu
808 514 919 580 iudicii
941 516 1025 580 mori

63 603 147 667 vult:
181 601 298 686 dignus
326 606 390 685 est,
413 603 469 687 qui
496 603 679 686 insepultus
703 603 876 686 abiciatur3
906 603 1024 688 aliquis

64 691 262 757 conscientia
289 692 394 774 turpis
428 691 562 757 alicuius
594 692 711 777 flagitii
743 691 888 773 admissi,
920 694 1060 774 prius-5

66 802 163 863 quam
186 778 351 863 prodatur,
375 781 459 845 mori
481 781 564 846 vult:
588 780 706 864 dignus
728 785 787 863 est,
810 781 865 865 qui
882 780 1025 863 insepul-

63 873 118 933 tus
146 869 314 933 abiciatur.
359 867 512 934 adversus
540 868 626 934 bunc
655 870 777 954 scripta
798 871 850 933 lex
873 873 936 953 est,
965 869 1027 933 hoc

63 961 198 1022 cavetur
225 957 264 1021 de
292 957 362 1022 hoc.
414 964 555 1022 ceterum
583 958 712 1042 quidem
741 963 778 1023 tu
808 959 851 1042 ei,
889 959 945 1041 qui
976 962 1027 1022 tot

67 1047 228 1111 lenocinia
259 1045 340 1111 haec
371 1048 549 1111 constituta
580 1047 666 1111 vitae
696 1049 939 1131 contempserit,
972 1047 1028 1130 qui

67 1157 134 1200 non
157 1134 341 1200 detineatur
365 1134 416 1199 hia
440 1136 673 1219 voluptatibus,
695 1136 791 1201 dices.
820 1156 908 1199 »non
925 1136 1027 1200 habes
1049 1150 1081 1198 10

67 1245 183 1309 graves
206 1245 320 1289 causas
344 1223 547 1288 metiendis?
578 1224 796 1309 respondebit,
819 1224 895 1289 »odi
917 1225 1029 1307 vitam,

67 1313 252 1396 relinquere
282 1314 365 1378 volo.
411 1318 448 1378 tu
478 1334 529 1377 me
552 1315 725 1378 nocentem
748 1314 868 1398 probes
891 1316 1030 1398 oportet,

67 1424 107 1467 ne
132 1402 263 1484 sepeliri
287 1402 452 1466 debeam«.
1032 1420 1035 1424 ·

136 1488 171 1554 si
199 1494 308 1554 tamen
336 1490 376 1555 de
403 1490 467 1556 hoc
494 1512 621 1575 quoque
650 1492 869 1576 quaerendum
897 1493 960 1574 est,
988 1513 1030 1554 an

69 1599 184 1664 graves
208 1581 325 1644 causae
348 1580 422 1663 sint,
445 1579 621 1646 videamus.
655 1580 780 1666 perdidi
803 1580 943 1663 domum,
966 1579 1030 1644 for·
1051 1592 1083 1641 15

20 1665 22 1670 ’
66 1668 153 1732 tuito
189 1667 352 1751 incendio,
389 1668 701 1753 quomodocumque;
739 1673 867 1734 tantum
901 1669 1031 1733 domum

67 1756 206 1840 perdidi:
231 1756 344 1841 ecquid
367 1779 500 1841 possum
524 1758 627 1821 videri
649 1759 753 1822 iustas
777 1757 897 1822 habere
916 1778 1030 1822 causas

68 1845 249 1910 moriendi?
277 1850 411 1929 penates
435 1846 524 1922 illos,
548 1846 582 1910 in
606 1847 723 1929 quibus
746 1849 843 1910 natus
867 1867 953 1928 sum,
977 1844 1032 1927 qui

68 1934 150 1998 mihi
181 1934 344 2000 cotidiana
366 1935 510 2018 imagine
533 1934 639 1998 adhuc
662 1937 834 1999 versantur
857 1937 933 1997 ante
957 1954 1032 1997 ocu-

69 2024 128 2106 los,
151 2023 225 2088 illos
249 2027 396 2107 penates,
419 2023 454 2086 in
478 2023 595 2107 quibus
619 2023 704 2088 sacri
727 2022 849 2107 aliquid
873 2043 943 2086 esse
966 2042 1032 2086 cre·
1051 2035 1088 2084 20

68 2112 190 2195 dimus,
227 2113 330 2177 amisi.
381 2112 500 2196 hospes
536 2112 572 2176 in
608 2113 738 2177 civitate
774 2111 917 2177 victurus
952 2132 1033 2175 sum.

68 2201 196 2285 perdidi
227 2201 362 2283 liberos,
395 2200 705 2285 quomodocumque3
735 2204 863 2265 tantum
899 2200 1034 2264 liberos:

70 2290 184 2374 ecquid
210 2290 299 2354 iusta
326 2312 425 2355 causa
452 2289 568 2355 mortis
597 2295 647 2354 est
670 2289 816 2355 orbitas?
854 2291 887 2353 et
910 2287 1033 2352 orbitas

69 2401 137 2443 non
161 2378 313 2461 simplex,
344 2400 404 2444 nec
431 2383 562 2444 tantum
589 2378 768 2464 geminata3
801 2376 1034 2442 verumetiam

71 2469 105 2531 in
129 2489 229 2533 unum
253 2470 382 2551 tempus
406 2468 535 2533 collata.
579 2467 728 2532 adferant
751 2465 873 2550 aliquid
895 2465 1089 2529 fortassean

71 2556 182 2621 solatii
212 2556 300 2621 mala
324 2556 429 2621 divisa
451 2562 497 2640 et,
525 2556 608 2621 siout
636 2578 735 2621 onera
757 2555 887 2620 facilius
911 2553 1037 2637 subeas,

72 2646 102 2709 si
130 2645 296 2730 partiaris,
324 2646 372 2710 ita
399 2646 462 2710 hoo
490 2666 605 2730 graves
634 2665 726 2710 casus
750 2644 898 2708 adlevare
921 2642 1038 2726 possis,

72 2734 101 2798 si
131 2755 197 2798 non
226 2734 396 2820 ingruant,
424 2755 461 2798 ac
490 2734 589 2799 semel
617 2734 759 2799 veniant.
804 2753 869 2796 uno
892 2735 1038 2814 tempore

73 2823 183 2907 plures
207 2823 341 2888 liberosl
370 2822 469 2908 quid?
499 2822 529 2887 si
553 2825 586 2886 et
608 2822 794 2906 coniugem!
818 2820 904 2905 quod
929 2820 957 2884 si
980 2841 1039 2903 per

73 2933 109 2977 se
134 2932 233 2997 grave
257 2916 316 2990 est,
340 2915 374 2976 et
396 2912 481 2996 quod
505 2911 625 2977 liberos
650 2912 743 2975 amisi
767 2913 799 2975 et
822 2910 934 2975 eodem
957 2912 1039 2975 tem·
1057 2923 1092 2972 30

74 3023 154 3085 pore
178 3001 283 3082 amisi,
307 3005 400 3065 erant
425 3002 506 3065 satis
529 3021 646 3086 graves
670 3017 802 3064 causae:
832 2999 922 3063 adice
945 3020 1040 3079 nunc,

149 3113 162 3161 1
183 3122 238 3174 quo
257 3110 278 3158 B
307 3106 316 3174 l
345 3105 487 3159 7-81100
506 3120 567 3159 rav.
586 3103 613 3158 d.
632 3103 660 3156 h.
679 3108 742 3172 AB,
762 3120 831 3158 corr.
850 3104 922 3167 Aer;
940 3103 1004 3168 fort.
1024 3103 1039 3135 ’¹‘

74 3178 128 3232 hoc
147 3179 263 3232 cavetur
281 3178 366 3240 deleto
384 3176 419 3230 de
438 3176 515 3244 hoel!
530 3181 546 3230 8
566 3176 724 3230 cavetur
743 3175 788 3243 All
804 3180 836 3227 15
855 3173 934 3242 perdi
948 3171 1041 3243 B-l’ll

74 3249 193 3303 furtuitc
211 3253 235 3301 A
248 3250 257 3319 ΙΙ
273 3255 306 3302 16
327 3263 495 3317 quocunque
513 3251 609 3300 tamen
627 3245 742 3301 domum
761 3247 853 3315 121122
876 3244 1041 3312 quocunque

74 3322 119 3389 Bu
132 3323 228 3375 tamen
247 3320 290 3388 Pl!
309 3321 330 3374 t.
349 3318 429 3374 liber.
448 3315 610 3390 <perdidi).
628 3316 673 3373 Ro
691 3319 701 3387 11
720 3323 754 3371 26
773 3316 813 3369 sic
831 3317 923 3382 21127
944 3329 1042 3368 causas

74 3396 135 3460 AB,
156 3391 318 3460 cariadbal
333 3396 366 3445 28
386 3389 538 3459 ingravant
555 3393 585 3457 B,
604 3389 765 3459 congruant
784 3384 969 3452 Sabbatum
983 3381 1070 3445 aab&

74 3462 220 3518 inveniant
237 3466 259 3514 B
