2386 3816
298 177 615 235 DECLAMATIONES.
635 177 873 235 cccuxxxvlss.
1004 179 1068 250 437,

112 342 275 426 surgentis
297 343 385 422 [ante
405 344 518 425 quam]
538 339 612 406 freti
629 339 730 406 facies
750 345 825 407 ante
843 344 954 424 terret,
973 364 1070 427 quam

112 431 239 514 decipit.
298 431 423 495 utinam
460 428 589 514 quidem
626 429 784 495 eiusmodi
819 431 1071 515 tempestatibus

111 520 286 604 productus
306 539 402 602 esses,
425 519 520 603 pueri
543 522 580 583 tu
598 518 709 602 potius
723 521 862 584 matrem
876 520 1071 604 reliquisses.

111 608 259 693 Denique
289 629 353 692 quo
380 610 526 691 tempore
550 606 760 674 submersus?
806 607 882 672 dum
906 607 1071 693 adplicant

110 697 245 781 piratae,
264 718 306 760 an
321 694 418 761 ante?
440 695 576 761 necdum
597 695 684 760 scis?
708 700 778 760 tam
798 717 910 762 secura
929 696 985 761 es?
1008 697 1105 762 hoco

111 786 209 851 matri
231 806 297 849 non
321 783 424 850 credo.
449 805 505 849 cur
529 784 615 847 enim
634 805 729 850 nemo
748 807 788 850 ex
806 784 1007 871 paedagogis
1026 785 1074 851 vi·

111 874 182 938 dit?
228 875 256 938 si
285 872 379 956 vidit,
411 894 468 938 cur
494 872 660 938 laboranti
633 874 846 939 tauxilium
873 895 940 939 non
968 871 1072 938 tulit?

112 962 187 1027 dum
221 961 409 1064 adplicant?
458 982 589 1026 necesse
622 964 673 1026 est
705 963 817 1049 utique
849 966 927 1028 tunc
955 962 1033 1028 fluct
1018 966 1072 1027 tus

111 1051 264 1116 vitaverit
293 1051 364 1115 et
353 1072 426 1134 ipse
452 1070 579 1203 quoque
606 1050 730 1136 piratas
753 1051 883 1141 fugerit.
930 1073 972 1117 an
995 1072 1071 1116 vero

111 1140 224 1204 eodem
250 1142 398 1225 tempore
426 1141 459 1204 et
485 1138 593 1224 pirata
621 1138 820 1224 adplicatet
805 1139 959 1205 tfluctus
982 1160 1073 1225 prae·
1092 1154 1125 1204 10

111 1229 230 1294 datur?
275 1249 355 1313 rogo
383 1249 457 1293 vos:
489 1228 545 1312 qui
575 1232 651 1293 ante
618 1227 855 1293 tadventum
881 1229 972 1294 tutus
1000 1228 1073 1315 fuit,

112 1316 252 1382 adventu
275 1317 401 1402 piratae
424 1316 530 1401 perit?
552 1337 629 1401 „cur
648 1336 735 1402 ergo,
757 1317 872 1402 inquit,
894 1339 989 1382 nemo
1010 1318 1073 1383 ola·
1119 1402 1121 1406 Ι

111 1409 254 1471 mantem
274 1405 423 1471 ιιιιιιιιιιιι
445 1405 588 1489 primum
607 1404 733 1471 vicinus
752 1404 911 1472 undarum
930 1406 1073 1472 saevien·

113 1494 194 1559 tium
226 1494 338 1579 fragor
366 1493 567 1560 audientium
591 1494 723 1560 auribus
745 1495 905 1560 minorem
928 1493 1073 1577 exclude·

111 1584 169 1648 bat
200 1605 329 1670 sonum3
367 1582 480 1648 deinde
509 1583 545 1648 in
573 1585 668 1649 tanto
701 1584 845 1649 tumultu
876 1583 1072 1669 fugientium
1092 1597 1125 1647 15

110 1673 229 1756 perisse
252 1693 365 1738 vocem
387 1694 455 1738 non
478 1671 597 1736 mirum
620 1675 679 1737 est.
723 1672 800 1756 quid
823 1673 871 1737 ita
893 1694 961 1737 non
985 1673 1073 1737 audi·

110 1766 165 1826 tus
194 1761 266 1826 est?
299 1783 367 1863 nne,
395 1781 531 1845 quaeso,
559 1759 684 1825 infelici
710 1782 810 1844 puero
839 1760 947 1826 vilitat
932 1763 1000 1824 etm
1023 1761 1075 1825 sui

111 1852 203 1934 impu
203 1849 338 1932 taveris,
361 1850 446 1935 quod
469 1849 618 1933 relictus,
641 1848 728 1933 quod
751 1848 898 1913 desertus
922 1852 980 1913 est.
1017 1870 1074 1914 cur

111 1960 179 2003 non
198 1936 340 2003 audisti?
364 1938 494 2023 longius
513 1938 654 2023 fugeras.
680 1935 763 2021 „Sed
776 1940 852 2022 post
864 1958 986 2021 paucos
1006 1937 1074 2001 dies

113 2047 229 2110 corpus
253 2027 422 2110 expulsum
446 2030 506 2092 est.
482 2024 524 2092 t“
539 2025 636 2129 'Quid
654 2026 782 2110 mirum,
800 2026 857 2090 ubi
874 2027 1001 2128 piratae
1019 2047 1074 2091 va·
1092 2040 1127 2089 20
1185 2065 1187 2069 >

113 2120 193 2199 gant
179 2113 254 2180 tur?
273 2114 351 2199 quid
363 2117 400 2179 tu
398 2136 522 2217 porro,
536 2115 659 2200 inpune
678 2114 844 2199 sempe<r>
859 2114 964 2180 maria
977 2115 1074 2180 traici

112 2207 171 2288 put
157 2203 231 2269 tas?
266 2225 334 2269 non
361 2203 470 2270 minus
497 2225 631 2289 possum
660 2203 765 2269 dicere
795 2204 936 2269 alienum
963 2203 1074 2288 fuisse,

113 2315 211 2378 quam
233 2294 328 2358 tuum
351 2292 471 2359 filium:
495 2293 592 2380 signa
615 2291 750 2358 confusa
773 2297 858 2358 sunt.
887 2292 988 2357 immo
1008 2314 1073 2357 cre·

113 2382 245 2446 dibilius
269 2386 333 2466 est,
360 2381 514 2468 naufragi
541 2380 643 2446 fuisse
665 2379 759 2468 (litus
784 2381 870 2446 enim
894 2401 1076 2465 amoenum,

112 2492 178 2535 non
202 2470 338 2535 infestos
363 2471 515 2555 scopulos
537 2467 668 2557 habet),
695 2470 809 2557 utique
831 2472 931 2555 »post
953 2490 1073 2553 paucos
1092 2482 1126 2532 ιι

113 2558 209 2622 dies«
246 2580 320 2623 cum
354 2559 444 2624 dicas
477 2558 705 2643 »expulsum«
738 2558 832 2623 illum
865 2579 941 2623 vero
974 2559 1074 2643 longo

113 2651 259 2731 tempore
283 2668 350 2712 non
372 2647 559 2733 expulsum,
589 2648 646 2713 sed
669 2648 867 2713 advolutum.
913 2647 1073 2732 quomodo

115 2739 225 2800 autem
257 2736 366 2820 potuit
400 2735 534 2801 confusa
560 2736 643 2802 facie
677 2735 834 2821 agnosci?
880 2739 1006 2821 ,‚aetas,
1028 2736 1075 2798 in·

115 2825 196 2910 quit,
220 2823 470 2891 conveniebat“:
493 2824 555 2890 hoc
573 2824 660 2890 inter
678 2829 872 2910 argumenta
890 2846 963 2889 mea
981 2824 1075 2888 mini-

189 3038 290 3090 tante
311 3035 367 3104 qud
385 3035 469 3091 fracti
445 3035 574 3092 tfaeies
593 3040 658 3104 ΔΒ,
677 3051 746 3091 corr.
765 3037 822 3090 Aer
845 3037 888 3106 ΙΙι
887 3034 959 3090 errit
946 3037 1028 3090 ι-Β
1001 3035 1076 3106 -Βιι

113 3114 129 3161 2
150 3107 261 3175 decepit
278 3111 299 3158 Β
322 3108 333 3176 ι
355 3111 372 3160 3
391 3108 501 3177 patrem
520 3111 571 3160 ΔΒ
594 3107 605 3177 l
626 3106 809 3176 relinquisses
827 3110 851 3160 Δ
867 3108 878 3175 ΙΙ
896 3112 912 3160 4
931 3105 1020 3159 subm.
1039 3121 1076 3159 an

113 3180 180 3233 dum
198 3179 243 3246 ΒΙΙ
257 3195 327 3249 app
301 3178 392 3248 ΔΙΙ
408 3184 440 3233 12
459 3177 545 3248 periit
562 3179 622 3235 edd.
645 3180 655 3249 ιι
680 3182 712 3231 13
732 3178 812 3234 audit
828 3184 848 3231 P
869 3180 878 3246 ιι
900 3182 933 3232 16
952 3177 1075 3258 praeter-

112 3250 169 3303 isse
187 3253 254 3318 ΔΒ,
271 3264 340 3307 corr.
359 3249 556 3319 nourr-18
574 3267 655 3306 suum
673 3249 899 3318 putaveritAB‚
921 3247 964 3302 sui
986 3245 1076 3316 impu-

113 3318 217 3375 taverit
234 3291 300 3386 der,
318 3335 389 3377 corr
405 3321 533 3403 Solum
553 3337 620 3390 saep
622 3335 637 3375 e
655 3324 716 3388 ΔΒ,
735 3336 804 3376 corr.
814 3289 1008 3387 Setutraici
1025 3317 1087 3395 Δι

114 3395 149 3444 24
168 3391 273 3460 fugisse
291 3395 312 3443 Β
326 3391 384 3462 ιιι
402 3391 474 3446 illud
492 3395 513 3445 Β
527 3338 634 3464 ιΙοιιςι
654 3362 750 3462 λιιι-ι
767 3385 1099 3460 ammaum·

112 3462 212 3516 mirum
230 3466 252 3512 Β
