2386 3816
160 127 203 190 46
526 123 755 192 omnnium
871 201 875 207 ⁸

161 311 231 354 esse
261 289 449 373 transfugas
474 287 639 372 <dicunt>,
661 287 723 353 hoc
746 286 870 372 dicunt,
897 287 933 351 in
955 287 1133 372 superiore

161 399 231 443 esse
258 379 331 443 loco
362 375 508 443 nostram
540 377 715 442 civitatem.
766 396 871 460 neque
899 375 986 440 enim
1013 396 1133 441 amore

159 467 276 551 nostri,
300 466 355 532 sed
379 469 468 531 metu
490 465 693 531 imminentis
716 464 867 530 fortunae
889 463 1131 550 transfugiunt.

160 555 214 619 An
237 555 367 620 facilius
389 555 593 640 deposituros
616 554 821 639 propositum
842 551 987 620 bellandi
1009 553 1132 637 hostes-

125 662 141 710 5
160 649 322 728 putamus,
345 644 374 709 si
396 645 506 729 plures
528 642 788 726 transfugerint?
811 641 954 708 minime.
977 663 1055 708 nam
1078 641 1128 728 hi,

160 734 217 817 qui
244 734 368 798 bellum
396 752 508 818 gerere
537 735 651 798 contra
677 753 738 798 nos
764 753 831 798 non
858 730 992 816 audent,
1024 731 1054 796 si
1076 731 1131 797 lo·

161 843 233 887 cum
265 822 299 887 in
332 822 465 887 civitate
494 824 609 887 nostra
634 842 702 886 non
728 819 916 904 habuerint,
949 841 1045 906 saepe
1073 819 1128 885 de·

160 911 301 994 ponendi
319 910 400 976 belli
419 913 568 976 auctores
588 913 695 975 erunt:
718 909 857 974 nuncin
875 909 1039 994 privatum
1059 909 1128 975 sibi

161 1000 283 1084 singuli
315 999 498 1065 consulunt.
553 1001 605 1062 est
635 1018 791 1084 magnum
823 998 858 1062 in
889 997 1027 1082 singulis
1054 1019 1127 1064 mo·

107 1104 140 1154 10
159 1092 317 1174 mentum,
342 1110 379 1154 ac
400 1087 617 1173 si·praeclusa
633 1087 714 1152 haec
731 1087 831 1152 fuerit
849 1109 931 1172 spes,
954 1085 1040 1171 quod
1059 1087 1130 1152 sin·

160 1177 230 1263 guli
252 1177 386 1262 faciunt,
407 1177 551 1243 universi
575 1176 763 1241 suadebunt.

225 1266 316 1331 Haec
339 1265 491 1349 dicerem,
518 1265 648 1330 etiamsi
674 1264 757 1329 nihil
785 1286 824 1329 ex
846 1265 920 1341 istis
942 1266 1050 1329 metus
1073 1258 1126 1330 es·

160 1360 222 1419 set:
253 1375 339 1419 nunc
361 1376 439 1420 vero
461 1375 528 1419 non
550 1375 683 1438 possum
706 1374 772 1418 non
795 1352 941 1419 confiteri
964 1352 1126 1419 sollicitu-

159 1442 268 1508 dinem
285 1463 405 1508 meam:
423 1444 581 1527 quotiens·
593 1443 703 1508 oculos
722 1442 905 1508 circumtuli
923 1445 957 1506 et
970 1441 1125 1527 singulas

107 1548 139 1598 15
160 1535 342 1610 castrorum
369 1533 487 1597 metior
514 1535 637 1616 partes,
663 1552 732 1598 non
760 1531 857 1597 aliter
881 1553 978 1616 quam
1002 1531 1030 1595 si
1053 1530 1126 1596 val·

158 1621 226 1686 lum
250 1621 355 1686 hostis
377 1621 548 1705 invaserit,
576 1621 699 1686 alienos
726 1619 873 1704 habitus,
900 1621 1008 1685 aliena
1030 1641 1126 1685 arma

157 1709 264 1793 videm
288 1714 461 1776 versantur
483 1710 570 1775 inter
588 1710 703 1774 domos
720 1715 860 1793 nostras,
883 1709 969 1774 inter
986 1708 1125 1794 templa,

156 1799 242 1864 inter
265 1821 385 1881 muros,
415 1799 449 1864 in
473 1798 589 1864 mediis
612 1799 659 1864 rei
682 1799 831 1883 publicae
853 1798 1041 1864 visceribus.
1078 1819 1123 1862 an

157 1888 279 1973 aliquid
309 1888 387 1954 mali
409 1887 514 1953 velint
536 1887 655 1970 lacere,
682 1891 798 1972 postea
820 1887 945 1971 videro,
972 1887 1123 1952 interim:

104 1992 137 2043 20
156 1982 303 2059 possunt.
335 1998 395 2063 ego
419 1976 507 2042 istud
530 1976 686 2058 †credidi
705 1976 821 2062 scelus,
843 1998 917 2042 cum
941 1998 960 2040 a
979 1975 1123 2060 singulis

156 2086 230 2148 spes
254 2069 318 2147 est,
346 2086 419 2129 cnm
449 2088 469 2129 a
491 2066 604 2150 paucis
627 2086 702 2150 spes
725 2069 787 2130 est:
821 2087 894 2131 cum
918 2088 938 2129 a
959 2065 1122 2151 plurimis,

155 2153 222 2217 iam
245 2153 438 2230 consensi.†
461 2151 591 2218 Novum
613 2152 745 2219 hercule
769 2175 871 2240 genus
891 2154 985 2218 artis:
1008 2175 1122 2239 super·

154 2263 292 2306 vacuum
314 2245 365 2307 est
383 2241 548 2306 cuniculos
571 2241 682 2307 fodere
705 2246 739 2307 et
760 2264 819 2327 per
842 2244 986 2309 occultos
1002 2264 1120 2328 specus

155 2331 280 2416 ingenti
307 2330 421 2396 labore
453 2330 620 2396 exhaustis
651 2333 748 2397 terris
776 2332 812 2397 in
838 2331 979 2397 mediam
1009 2332 1119 2398 subito

102 2435 135 2484 25
157 2440 321 2506 emergere
345 2419 526 2484 civitatem:
550 2441 785 2504 supervacuum
804 2424 854 2487 est
871 2421 1030 2486 redimere
1043 2442 1119 2505 pro·
1173 2485 1182 2493 .

155 2508 292 2574 ditorem
317 2513 350 2574 et
373 2508 477 2574 scelus
500 2509 636 2593 pecunia
658 2510 789 2594 pacisci.
826 2509 973 2575 videntes
996 2510 1120 2596 palam,

154 2597 254 2662 immo
265 2598 443 2683 gaudentes
455 2597 553 2663 etiam
563 2599 744 2683 accepimus
752 2598 839 2664 intra
848 2599 1119 2665 viscerahostem.

153 2706 212 2751 vos
228 2686 454 2768 aestimabitis,
470 2708 512 2751 an
526 2690 713 2771 suspectum
728 2686 871 2754 debeatis
885 2688 1017 2774 habere,
1031 2686 1118 2776 quod

154 2773 195 2838 ad
231 2778 359 2840 tantum
396 2797 567 2842 nnmerum
605 2797 664 2859 per
706 2776 852 2862 singulos
888 2772 1117 2862 pervenerunt:

99 2879 134 2929 30
154 2885 249 2929 nemo
269 2864 345 2930 illos
364 2864 547 2950 recepisset,
566 2865 594 2930 si
608 2865 753 2931 universi
766 2864 938 2931 venissent.
961 2887 1117 2934 omnesne

224 3055 398 3130 1<dicunt>
415 3058 496 3126 Aerll
515 3063 531 3112 3
549 3057 637 3112 nostri
655 3074 704 3113 cm.
724 3059 799 3127 3114
817 3059 854 3114 ad
873 3059 926 3116 fac.
946 3065 999 3113 ΔΒ
1012 3065 1023 3132 ΙΙ
1038 3069 1054 3118 6
1072 3062 1115 3117 in-

149 3129 196 3181 tra
213 3144 264 3182 nos
282 3130 327 3197 ΒΙΙ
345 3134 379 3184 10
400 3127 424 3182 si
441 3128 512 3183 fuer.
531 3128 634 3198 praeci.
655 3128 682 3184 h.
702 3147 742 3199 sp.
762 3134 782 3182 B
805 3134 814 3200 ΙΙ
839 3137 871 3186 17
890 3135 1001 3188 nostros
1020 3137 1066 3204 ΔΙΙ
1080 3139 1116 3190 20

150 3203 220 3252 -22
240 3198 294 3254 Βοὴ
306 3205 489 3269 proposuerat
508 3216 574 3270 ergo
592 3200 638 3254 ist.
656 3199 755 3274 (non)
773 3201 879 3257 credidi
898 3220 950 3270 sc.;
969 3221 1023 3276 ego
1037 3205 1114 3264 istud

149 3267 247 3341 <non>
266 3285 304 3323 cr.
324 3287 374 3338 sc,
398 3288 461 3326 cnm
479 3288 497 3327 a
516 3271 633 3341 singulis
652 3271 774 3342 suspicio
793 3275 877 3340 esset,
896 3291 920 3331 c.
940 3291 958 3330 a
976 3294 1003 3346 p.
1024 3277 1115 3347 sospi-

150 3340 193 3395 cio
214 3342 301 3395 esset:
328 3357 391 3396 cum
410 3357 428 3396 a
446 3342 495 3412 pl,
523 3341 541 3398 i.
571 3343 700 3398 consensi
727 3343 772 3401 Ro
794 3345 803 3413 ΙΙ
826 3349 860 3400 28
889 3345 1046 3404 aestimatis
1065 3352 1085 3400 B
1105 3350 1115 3420 ll

149 3415 310 3481 susceptum
328 3415 349 3463 B
1105 3414 1107 3420 '
