2386 3816
169 99 234 212 142
535 143 765 210 QUINTILIANI

166 313 236 377 iura
246 312 310 377 alio
319 311 526 377 manifestum
535 308 744 394 foret‚inhao
752 305 976 392 lega<atiam>
985 308 1140 391 apertius

168 405 226 466 est.
272 401 349 486 quid
372 400 458 466 euim
482 398 582 465 dicit?
626 400 739 482 rapta
768 397 940 480 raptoris
964 400 1137 463 mortem

166 491 228 555 val
251 490 410 574 nuptias
433 491 553 574 optet.
586 490 704 552 neutra
727 508 779 552 ras
804 490 863 570 ast,
887 485 1154 570 quamuifferri,

167 582 331 664 oporteat:
357 580 425 645 sire
448 579 477 644 is
501 581 552 643 est
573 578 695 662 raptor,
718 577 775 661 qui
797 596 937 660 poenam
959 579 1138 660 mereatur,

132 685 233 735 onon
256 672 399 734 meretur
422 667 682 748 advocationem
707 665 777 730 sive
794 664 979 751 ignoscitur
996 666 1136 751 raptori,

166 779 234 824 non
260 757 379 824 debent
405 757 526 822 habere
553 777 678 822 moram
704 754 838 839 nuptiae
866 753 919 820 rel
947 753 1135 822 incohatae

167 845 203 912 si
226 851 354 912 tantum
376 867 443 912 non
465 846 578 911 statim
602 845 761 928 educeres,
791 842 872 909 haee
894 842 1025 909 fortiter
1049 843 1135 910 diea-

167 942 292 1002 rantur:
315 957 402 1004 nune
425 936 558 1001 edueera
580 934 631 999 vis
654 936 733 1018 post
753 933 896 1017 nuptias.
935 937 1047 999 utrum
1069 933 1134 1018 igi·

168 1030 224 1090 tur
245 1027 314 1090 iure
337 1025 427 1109 prius
450 1046 493 1090 an
516 1024 680 1109 aequitate
703 1021 884 1088 consistas?

113 1132 148 1182 10
234 1114 288 1180 Ius
319 1116 392 1199 ipsa
418 1114 502 1200 legis
528 1112 692 1198 positione
714 1111 924 1178 manifestum
940 1114 1007 1179 est.
1052 1133 1133 1179 nam

166 1225 240 1269 eum
266 1208 396 1288 raptam
424 1203 516 1269 eduoi
543 1203 577 1269 in
590 1201 668 1268 ‘hoo
695 1202 819 1287 iubeat,
851 1207 888 1266 ut
915 1205 1055 1267 mortem
1078 1204 1135 1268 rel

165 1293 296 1377 nuptias
320 1296 424 1377 optet:
448 1290 622 1359 manifesto
646 1290 800 1372 ostendit,
824 1311 896 1357 eam
919 1288 1011 1357 eduei
1035 1313 1133 1376 opor·

165 1383 247 1465 tere,
275 1380 327 1445 eui
349 1384 523 1466 utrumque
545 1380 686 1446 liberum
709 1379 761 1445 sit.
801 1378 975 1445 Praeterea
997 1379 1066 1446 iam
1088 1403 1134 1446 ne

164 1472 278 1555 raptae
306 1469 436 1555 quidem
463 1491 581 1536 noman
607 1469 728 1536 habere
760 1472 882 1554 potest,
915 1490 997 1555 quae
1024 1473 1135 1556 nupta

113 1575 146 1625 lo
166 1563 224 1624 ast.
264 1557 360 1625 sicuti
382 1580 503 1625 nomen
524 1558 724 1644 pupillorum
747 1558 895 1645 legitimo
919 1563 1069 1644 tempore
1091 1560 1132 1627 fi-

164 1647 268 1732 nitur;
288 1647 372 1714 sieut
391 1648 505 1715 orbam
521 1669 616 1714 nemo
635 1652 712 1734 post
730 1647 862 1734 nuptias
881 1647 1012 1734 dixerit3
1032 1649 1133 1715 siouti

165 1737 301 1822 virginis
334 1736 589 1823 appellationem
619 1758 685 1804 nox
717 1737 777 1803 illa
811 1737 972 1803 maritalis
1006 1738 1131 1805 aufert:

163 1827 212 1892 ita
234 1847 275 1892 ne
298 1831 394 1913 rapta
416 1826 546 1914 quidem
569 1826 633 1893 diei
656 1829 773 1911 potest,
797 1849 879 1912 quae
898 1827 1052 1894 maritum
1071 1828 1134 1895 ha·

164 1915 241 1981 bera
265 1917 381 2003 eoepit.
414 1916 491 1982 lieet
512 1915 614 2002 igitur
635 1919 750 2001 raptae
771 1917 967 2003 permissum
987 1917 1032 1983 sit
1050 1939 1131 2003 quo·

110 2022 145 2072 20
164 2026 301 2090 eumque
323 2011 469 2091 tempora
493 2009 619 2091 optare,
645 2008 768 2093 nuptae
794 2009 909 2091 optare
932 2007 1130 2092 permissum

162 2099 311 2159 nonest.

229 2180 319 2247 Haeo
343 2203 381 2246 ex
405 2183 478 2268 lege
501 2183 785 2268 manifestarunt,
808 2185 867 2250 illa
889 2207 927 2250 ex
951 2186 1131 2270 aequitate.

161 2269 249 2336 Ante
273 2271 383 2337 omnia
404 2293 471 2337 non
492 2276 562 2338 tam
586 2271 700 2339 duram
723 2295 794 2339 esse
818 2273 869 2340 lex
892 2273 999 2341 voluit
1017 2276 1128 2342 eondi-

162 2359 297 2440 eionam,
323 2365 360 2427 ut
383 2382 510 2446 semper
531 2366 646 2446 raptor
668 2363 846 2448 puniretur.
877 2363 950 2430 ideo
974 2368 1008 2430 et
1029 2365 1128 2432 mise·

107 2464 142 2514 aa
162 2449 321 2515 rioordiae
344 2451 451 2518 losum
473 2451 559 2517 feeit.
593 2454 627 2517 et
650 2451 770 2519 ideireo
788 2453 854 2518 iam
871 2475 939 2521 uon
957 2453 999 2519 ad
1017 2453 1126 2540 ipsum

159 2539 402 2624 tantummodo,
438 2542 493 2626 qui
524 2541 647 2627 rapuit,
679 2542 735 2607 sed
768 2543 917 2628 <magis>
950 2543 1049 2609 etiarn
1083 2544 1125 2610 ad

159 2649 242 2712 eum,
265 2629 321 2713 qui
347 2627 452 2714 duxit,
478 2631 635 2716 pertinet5
661 2631 717 2716 qui
746 2635 833 2697 certe
855 2631 940 2698 nihil
966 2635 1127 2718 pensavit,

157 2717 214 2800 qui
251 2721 339 2783 eerte
375 2740 506 2785 manere
541 2719 658 2804 potuit.
711 2717 784 2787 Hoc
820 2721 892 2788 loeo
926 2722 1007 2788 mihi
1040 2723 1122 2789 illud

160 2807 350 2892 opponitur,
379 2828 447 2874 non
477 2810 624 2892 potuisse
655 2814 731 2876 ante
763 2810 854 2876 educi
886 2833 971 2877 aum.
1021 2810 1123 2889 Quasi

104 2911 139 2962 30
157 2916 235 2962 vero
253 2896 385 2962 intersit
404 2918 530 2984 causae,
549 2920 613 2984 qua
630 2900 757 2965 ratione
776 2901 826 2965 ius
840 2900 1009 2967 interierit.
1031 2923 1125 2988 „pro-

231 3095 246 3143 1
265 3088 395 3164 (auam)
407 3090 452 3148 Ro
464 3093 505 3161 ll
523 3109 569 3163 op.
589 3091 646 3149 suis
665 3092 724 3148 sive
742 3094 785 3163 Pl
798 3095 952 3150 mereretur
969 3095 1033 3151 adr.
1047 3102 1068 3150 r
1080 3098 1124 3167 17

157 3162 213 3215 hoe
230 3165 279 3214 u
293 3161 484 3231 ”ducerentur
501 3167 522 3216 B
540 3166 550 3235 {l
572 3170 605 3220 13
624 3163 748 3220 liberii
766 3167 812 3236 ΔΙΙ
827 3171 860 3221 14
878 3169 944 3250 post
960 3169 1053 3237 Pfllo
1071 3186 1121 3224 nu·

156 3236 261 3287 menn
286 3235 296 3303 ΙΙ
319 3239 353 3288 19
371 3234 517 3306 raptori!
540 3237 550 3307 ΙΙ
571 3240 606 3291 26
623 3234 740 3292 idieireo
758 3241 811 3308 Aa,
834 3237 936 3295 ieeueo
953 3242 989 3306 133
1006 3241 1126 3308 forem

156 3303 256 3360 *adies
274 3304 350 3375 quod
366 3307 377 3376 l
395 3312 429 3362 26
448 3304 581 3382 (magis)
598 3307 654 3364 sco
672 3309 718 3378 (of.
732 3313 796 3378 143,
809 3311 858 3380 22)
873 3312 882 3381 ΙΙ
895 3315 930 3366 27
949 3310 1047 3380 aduxit
1064 3315 1126 3383 AB,

160 3392 222 3432 eam
232 3376 333 3500 'duxit
359 3378 413 3433 sco
440 3379 450 3447 l
476 3383 511 3433 28
530 3396 558 3449 q.
577 3396 600 3436 e.
619 3377 691 3435 nihil
717 3396 831 3438 manere
858 3386 911 3453 Aa,
942 3400 970 3452 q.
990 3401 1012 3440 e.
1032 3400 1124 3440 terna·

146 3465 216 3502 nere
