2386 3816
252 161 571 220 DECLAMATIONES.
591 163 806 222 CCCLXXXlV.
945 164 1011 230 429

57 325 180 407 exulat,
209 325 265 390 alii
289 326 439 393 scelerati
461 324 572 393 mitius
596 327 788 409 puniuntur:
820 327 925 392 malae
947 329 1012 393 tra-

55 413 208 478 ctationis
232 414 403 479 damnatus
427 413 611 479 oecidetur?
641 412 749 498 „Mea
773 415 895 501 inquit,
917 416 1012 482 aesti-

54 502 155 566 matio
184 501 272 567 est“:
303 501 408 567 Immo
437 503 587 568 iudicum.
631 508 690 567 tua
712 503 746 567 in
770 525 833 568 una
856 504 930 588 lege
954 507 1013 586 est,

54 612 152 675 quam
181 589 340 674 habuisti3
379 595 412 655 et
441 591 493 659 lex
524 590 581 655 ubi
610 591 715 674 perire
737 591 810 661 vult
838 591 1013 674 hominem,

53 683 164 762 aperte
188 678 365 764 significat:
389 679 589 747 »desertor
613 679 840 747 occidetue«
1033 697 1049 746 a

444 854 619 922 SERMO.

119 977 264 1043 Ultimae
288 982 364 1043 sunt
385 999 513 1062 preces,
535 982 573 1043 ut
596 983 746 1043 exoretur
767 978 894 1043 mulier.

366 1153 703 1220 DECLAMATIO.

124 1263 238 1343 serves
260 1299 387 1343 munus.
423 1300 501 1343 nam
522 1298 689 1343 removeas
713 1279 790 1343 lieet
814 1299 953 1344 secures:
985 1279 1014 1344 si

57 1367 219 1449 irasceris,
242 1368 399 1432 morietur
422 1366 551 1452 alioqui.
596 1370 692 1449 putas
714 1366 809 1433 illum
831 1367 1014 1436 relaturum
1036 1383 1069 1433 10

58 1455 191 1541 nuptias
213 1455 310 1521 tuas?
358 1454 524 1534 denuntio,
547 1455 666 1519 iterum
688 1456 803 1540 rapiet.
858 1520 859 1524 ,

393 1664 677 1765 coctum.

241 1788 354 1870 Virgo
377 1788 567 1855 immolata
590 1788 828 1872 pestilentiae.

58 1932 98 1996 In
125 1931 310 2015 pestilentia
338 1952 529 2015 responsum
558 1933 623 2012 est,
655 1930 814 2016 virginem
846 1930 1018 1995 immolan-

148 2018 231 2084 dam.
277 2023 364 2085 sorte
397 2020 528 2084 ductam
560 2021 655 2103 pater
687 2019 848 2103 virginem
875 2019 1018 2104 negavit,
1039 2035 1071 2085 15

148 2107 362 2193 magistratus
389 2108 587 2173 immolavit:
627 2128 694 2172 non
720 2106 895 2172 finiebatur
921 2107 1019 2192 pesti·

148 2197 255 2262 lentia.
300 2197 419 2262 iterum
447 2196 559 2262 sortiti
587 2199 673 2261 sunt.
719 2196 823 2261 altera
850 2196 1020 2261 immolata
1161 2206 1176 2243 ⁸

150 2289 212 2351 est:
238 2286 351 2351 sedata
373 2289 424 2350 est
445 2284 642 2370 pestilentia.
671 2284 790 2372 prioris
813 2284 900 2368 patri
918 2284 1020 2368 magi·

153 2378 278 2440 stratus·
299 2374 405 2440 caedis
428 2395 502 2440 reus
526 2377 585 2438 est.

126 2549 380 2632 [Ooloratae]
1040 2565 1074 2614 20

351 2724 727 2811 <stammas

127 2849 255 2917 Sortem
277 2851 362 2923 filiae
384 2854 459 2917 tuae
482 2851 560 2921 deus
584 2852 669 2919 inter
692 2849 834 2936 virgines
862 2871 933 2917 esse
955 2871 1013 2917 no·

60 2938 136 3025 luit,
159 2939 216 3005 sed
239 2944 405 3024 tamquam
429 2940 554 3009 alienae
576 2939 692 3006 turbae
716 2939 842 3007 exemit.

132 3137 148 3186 3
178 3130 354 3187 iudiciumn
377 3132 386 3202 l
408 3131 437 3186 in
456 3132 531 3187 bona
548 3131 652 3202 legal
679 3133 689 3202 ll
717 3136 751 3187 10
779 3129 938 3185 delaturum
965 3133 1015 3181 Aa

61 3202 215 3257 dilaturum
233 3205 309 3269 edd.;
327 3219 396 3259 corr.
415 3202 459 3258 Ro
481 3204 491 3275 ΙΙ
516 3207 549 3259 19
568 3219 631 3258 reus
650 3201 743 3259 caedis
760 3202 854 3270 81120
873 3199 1018 3254 Coloratae

63 3277 169 3327 ΜΗ
188 3275 231 3343 (ia
248 3275 338 3331 codiee
354 3277 375 3326 B
394 3274 479 3330 rubro
497 3274 583 3332 colere
596 3274 723 3345 pictum),
742 3269 918 3335 Declamatio
932 3269 974 3338 Pl]
989 3275 1022 3324 23

66 3342 159 3399 aliena
176 3361 210 3402 ex
227 3345 295 3400 urbe
313 3344 450 3405 exemitur
463 3347 484 3396 B
