2386 3816
338 162 656 220 DECLAMATIONES.
675 164 815 222 cccxvi
847 187 848 190 ¹
991 166 1056 232 243

481 377 664 450 oooxw.

352 520 460 588 Flons
484 521 670 590 luxuriosi
692 522 806 607 pater.

87 645 189 713 Flens
212 649 305 733 pater
325 668 383 731 per
405 647 572 732 publicum
595 647 700 715 filium
722 649 923 716 luxuriosum
947 673 1057 737 seque-

180 735 286 802 batur.
323 735 505 802 dementiae
528 758 602 803 reus
627 741 686 804 est.

485 911 660 981 SERMO.
1075 932 1091 983 s

156 1037 230 1106 Hoc
267 1060 369 1126 genus
402 1041 694 1116 controversiarum
726 1062 829 1125 paene
861 1042 1055 1109 divisionem

87 1150 157 1195 non
185 1129 296 1214 exigit.
345 1129 404 1194 illa
432 1129 613 1194 communis
641 1129 709 1194 fere
737 1130 887 1196 amnibus
917 1153 956 1196 ex
983 1132 1056 1218 lege

89 1218 273 1300 dementiae
308 1217 524 1304 pendentibus
557 1219 785 1284 controversiis
818 1220 965 1304 quaestio
998 1224 1057 1306 est,

89 1307 168 1393 quid
192 1306 356 1373 dementia
379 1307 444 1373 sit?
468 1310 501 1372 et
525 1328 567 1372 an
589 1305 670 1373 haee
692 1308 855 1374 dementia
873 1310 941 1375 sit?
964 1310 998 1375 in
1017 1331 1055 1376 eo

90 1395 205 1482 qu0[d]
225 1396 419 1482 quaerimus,
443 1395 520 1481 quid
539 1396 584 1461 sit
601 1396 773 1482 dementia,
796 1401 829 1464 et
851 1397 1055 1465 finitionibus
1077 1415 1110 1465 10

88 1485 255 1569 utrimque
282 1485 401 1572 positis
426 1490 460 1551 et
483 1486 573 1552 omni
595 1489 739 1553 tractatu
761 1487 846 1553 hanc
870 1492 1056 1555 controver-

90 1575 174 1640 siam
197 1574 387 1657 dividemus,
416 1578 454 1640 ut
477 1580 665 1660 quaeratur:
692 1579 803 1642 utrum
830 1576 995 1643 dementia
1019 1600 1057 1643 ea

90 1663 223 1729 demum
241 1662 346 1748 accipi
365 1662 491 1750 debeat,
510 1686 593 1752 quae
610 1664 732 1732 habeat
750 1666 919 1752 aequalem
937 1668 1056 1732 mentis

90 1773 247 1838 errorem,
270 1774 313 1818 an
340 1753 441 1818 etiam
471 1774 510 1819 ex
534 1754 669 1839 siugulis
697 1755 750 1820 vel
773 1755 886 1839 paucis
909 1755 1057 1841 intellegi

88 1841 220 1928 possit?
250 1840 340 1908 Haec
359 1863 457 1927 saepe
474 1845 618 1912 tractata
637 1847 727 1908 sunt:
750 1843 791 1908 ad
809 1844 931 1908 crimen
948 1845 1056 1927 ipsum
1076 1859 1108 1907 15

89 1931 268 1997 veniamus.
297 1930 452 2017 intellego
473 1935 507 1996 et
521 1930 690 2015 ‘indignari
706 1953 802 2016 posse
816 1931 902 1997 hunc
920 1935 1057 2017 patrem,

90 2019 178 2105 quod
199 2042 274 2086 reus
297 2019 479 2086 dementiae
498 2041 518 2084 a
535 2020 703 2088 luxurioso
722 2021 791 2104 fiat,
813 2024 847 2085 et
866 2041 939 2085 eum
953 2021 1057 2087 multa

90 2109 235 2194 graviter
262 2112 295 2174 et
323 2130 437 2196 aspere
467 2108 575 2176 dicere
603 2112 717 2176 contra
744 2109 847 2175 filium
869 2131 980 2196 posse:
1007 2131 1056 2175 re

89 2198 169 2282 cipit
191 2196 369 2263 adversarii
395 2219 548 2283 persona;
573 2198 632 2264 sed
654 2198 828 2285 videamus,
852 2222 894 2265 an
920 2200 1058 2284 recipiat

89 2291 213 2353 nostra
243 2309 320 2353 nam
334 2287 418 2353 sicut
431 2287 530 2372 paulo
546 2291 622 2354 ante
634 2288 875 2374 praecipiebam
894 2290 998 2373 vobis,
1019 2293 1058 2354 ut
1076 2304 1111 2354 20

87 2398 264 2463 personam
299 2376 509 2442 intueremini
552 2377 634 2462 eius,
676 2377 763 2464 apud
795 2399 888 2463 quem
921 2378 1057 2444 dicenda

91 2470 178 2533 esset
197 2466 373 2532 sententia:
396 2466 444 2532 sic
458 2488 543 2531 nune
562 2488 688 2552 quoque
712 2466 904 2532 admoneam
926 2487 1057 2532 neeesse

90 2558 149 2635 est,
172 2559 209 2622 ut
231 2556 417 2620 intueamur
439 2576 623 2642 personam,
647 2578 746 2642 quam
768 2555 864 2622 nobis
883 2555 1058 2622 induimus.

88 2648 185 2728 pater
207 2643 262 2710 hic
285 2644 391 2729 qualis
407 2644 479 2709 est?
501 2667 567 2712 non
590 2667 676 2711 acer:
700 2645 902 2710 luxuriosum
920 2666 986 2710 non
1001 2645 1056 2710 ab·

90 2733 219 2818 dicavit,
241 2755 310 2799 non
332 2733 532 2800 conviciatus
552 2737 617 2819 est3
643 2734 743 2801 etiam
766 2755 841 2800 cum
859 2734 983 2819 aliquid
1002 2734 1055 2799 ad·
1075 2749 1110 2800 25

88 2822 244 2888 monendi
267 2823 376 2910 gratia
398 2822 533 2903 faceret,
562 2825 666 2889 tacuit
687 2827 806 2890 tamen.
851 2846 918 2890 non
941 2824 1054 2890 durus:

89 2911 181 2976 flevit
209 2912 305 2977 enim.
350 2911 504 2998 quidquid
531 2916 645 2979 contra
677 2914 820 2980 colorem
849 2913 927 2980 talis
956 2914 1057 2982 animi

91 2999 280 3087 dixerimus,
313 3000 454 3086 quodam
486 3002 582 3069 modo
615 3006 728 3069 eontra
758 3002 872 3069 thema
903 3004 1057 3070 dicemus.

92 3089 263 3155 consilium
290 3090 400 3176 itaque
426 3091 529 3157 totius
557 3092 695 3158 actionis
724 3113 763 3157 ex
789 3092 842 3158 his
866 3114 980 3178 capere
1004 3093 1056 3158 de·

164 3253 198 3303 10
217 3252 332 3316 quala,
351 3253 487 3317 quoodo,
506 3248 582 3319 quod
594 3253 624 3318 Β,
643 3265 712 3305 corr.
727 3249 772 3306 Ro
785 3255 811 3306 et
823 3249 864 3306 Bi
876 3251 886 3320 ΙΙ
901 3255 933 3304 11
948 3253 1055 3306 utrum-

90 3335 146 3388 que
164 3322 205 3373 Αι
222 3320 233 3388 ΙΙ
252 3325 284 3374 12
304 3318 400 3375 divide
418 3325 438 3372 Β
452 3322 463 3391 ΙΙ
478 3327 510 3375 13
529 3321 714 3391 qnaequalem
733 3324 774 3373 Aa
786 3323 796 3391 11
816 3327 848 3376 1‘1
867 3337 923 3391 quo
941 3337 1005 3376 reus
1023 3326 1055 3392 A,

90 3406 148 3459 quo
172 3393 201 3445 et
224 3390 283 3445 eius
302 3395 322 3444 Β
341 3394 351 3461 ΙΙ
371 3397 403 3448 18
428 3394 506 3447 aetas
529 3391 730 3462 praedicares
749 3393 811 3462 1119
831 3390 975 3448 adversari
992 3409 1055 3461 pera

92 3477 179 3517 sonae
199 3465 219 3514 Β
229 3465 243 3531 l
256 3466 291 3517 28
311 3462 471 3518 duxerimus
489 3467 529 3517 Ba

863 3555 924 3628 lc?
