2386 3816
344 160 663 218 DECLAMATIONES.
691 161 791 219 CCCV.
984 162 1048 227 195

83 327 268 411 aestimate,
286 325 418 410 iudices,
442 325 519 410 quid
536 327 715 410 timuerint,
738 327 794 410 qui
812 325 874 391 hoe
892 325 1048 391 fecerunt.

82 417 232 502 quamvis
253 419 371 498 autem,
394 414 526 498 iudices,
550 415 673 480 adicere
694 414 852 479 invidiam
872 416 1047 480 sceleribus

82 525 239 572 numerus
263 504 378 588 soleat,
400 525 462 568 nos
486 507 597 569 tamen
621 504 860 589 confitebimur,
887 505 973 569 inter
997 527 1047 569 so-

82 595 167 661 latia
194 594 316 660 doloris
339 594 445 659 nostri
469 613 539 658 esse
562 593 812 677 numerandum,
840 593 925 677 quod
951 593 1047 658 ambo

82 684 260 768 perierunt.
306 683 353 748 sie
376 681 514 747 miseros
538 682 710 765 commisit,
733 686 771 747 ut
795 683 824 747 si
846 703 929 747 unus
952 683 1082 748 vicis-5

85 777 145 858 set,
167 779 246 858 post
268 771 524 857 quinquennium
542 770 647 836 redire
665 792 733 837 non
750 773 870 854 posset.
899 772 968 836 sive
987 772 1046 856 igi-

83 866 140 928 tur
164 864 314 928 constare
336 860 440 944 vobis,
469 860 600 945 iudices,
622 860 720 927 debet
741 861 839 925 ultio:
867 860 957 926 nulla
979 881 1047 924 um-

82 952 182 1037 quam
211 972 263 1016 res
292 949 338 1015 sic
366 953 479 1014 contra
502 949 592 1034 leges
616 948 801 1035 excogitata
824 953 882 1033 est,
905 949 1047 1033 (quam)

82 1045 121 1106 ut
138 1042 226 1106 intra
244 1039 325 1104 fines
347 1037 584 1124 deprehensum
599 1038 772 1122 <exulem>
787 1039 862 1103 exul
877 1037 1047 1120 occideret,

82 1130 153 1196 sive
176 1128 378 1195 crudelitatis
400 1127 530 1213 exigere
548 1128 698 1210 debe[a]t
715 1150 855 1212 poenam
872 1130 982 1193 vestra
1000 1127 1047 1191 iu·
1068 1145 1100 1194 10

83 1219 189 1285 stitia:
211 1240 278 1284 non
301 1217 381 1283 satis
405 1215 532 1300 habuit,
555 1216 643 1302 quod
662 1216 816 1282 adversus
835 1217 974 1281 miseros
993 1216 1047 1281 lex

82 1308 168 1374 irata
196 1307 441 1392 conscripserat.
484 1308 614 1392 'quanto
642 1307 729 1372 enim
754 1306 886 1392 gravius
909 1305 1047 1370 tulerint

83 1396 296 1484 supplicium,
332 1417 429 1480 quam
466 1400 665 1480 meruerant,
701 1395 754 1461 vel
779 1395 833 1461 'sic
866 1394 1047 1461 aestimate.

81 1489 145 1553 hoc
167 1486 319 1552 inimicus
343 1484 455 1570 elegit,
479 1488 513 1550 et
534 1485 685 1550 inimicus
708 1485 905 1570 pauperibus
928 1485 1045 1549 iratus:

81 1576 165 1642 haec
194 1577 280 1640 enim
308 1574 384 1640 odia
408 1573 566 1639 altissime
591 1574 719 1660 sedent,
747 1595 820 1639 cum
844 1573 960 1658 aliquis
983 1573 1046 1656 his,
1066 1588 1098 1638 15

82 1688 166 1751 quos
184 1664 392 1749 contempsit,
415 1663 575 1729 irascitur.
610 1664 816 1729 innocentiae
834 1662 953 1727 fiducia
972 1683 1046 1727 con·

79 1760 135 1820 tra
163 1775 240 1839 opes
269 1754 364 1818 istius
393 1755 566 1837 steterant,
594 1756 795 1818 nontamen
818 1751 920 1815 futuri
943 1772 1047 1834 pares,

82 1845 149 1910 nisi
172 1843 235 1908 duo
258 1841 406 1907 fuissent.
453 1845 567 1907 contra
590 1842 734 1925 gratiam
757 1842 965 1905 armaverunt
988 1839 1047 1901 mi-

84 1932 295 2000 sericordiam
319 1932 382 2015 sui,
410 1930 512 1996 donee
541 1932 637 1995 ambo
666 1931 702 1994 in
724 1928 906 2014 periculum
929 1926 1045 2011 eapitis

81 2022 222 2087 adducti.
249 2023 352 2087 testes
371 2020 457 2085 enim
476 2041 543 2084 non
561 2019 743 2084 defuerunt.
766 2019 924 2102 quantum
943 2020 1046 2082 tomen
1065 2033 1100 2081 20

80 2110 188 2177 valuit
206 2110 406 2175 innocentia!
417 2108 574 2174 'constitit
591 2109 677 2174 inter
692 2129 803 2174 omnes
818 2127 885 2172 non
900 2106 1046 2190 potuisse

80 2200 165 2267 illud
195 2199 262 2265 nisi
296 2199 337 2264 ab
366 2197 614 2284 inprudentibus
643 2198 723 2263 fieri
767 2195 958 2262 incredibile
988 2198 1046 2279 est,

80 2289 220 2374 iudices,
248 2291 370 2373 quanto
351 2287 563 2353 odiffieilius
585 2288 706 2354 finibus
731 2290 875 2370 careant,
903 2285 958 2369 qui
982 2285 1046 2348 exi-

79 2380 164 2444 lium
196 2400 264 2444 non
295 2380 491 2443 meruerunt.
537 2377 818 2461 amplectebantur
849 2335 959 2439 niiseri
990 2373 1045 2457 pio

80 2469 172 2534 furto
193 2470 374 2534 extremum
392 2465 519 2550 patriae
538 2466 654 2550 solum,
672 2487 739 2531 non
757 2463 953 2530 mehercule
969 2463 1045 2547 scio,
1064 2478 1098 2527 25

82 2580 126 2623 an
150 2557 287 2623 alicuius
311 2555 438 2621 insidiis
461 2555 619 2639 perducti,
643 2577 684 2620 an
700 2555 810 2640 aliqua
828 2551 1045 2619 humanitatis

81 2646 168 2713 facie
181 2646 318 2731 inpulsi:
335 2644 420 2710 nihil
439 2644 577 2729 probare
592 2666 741 2729 possum·
761 2643 857 2708 ambo
872 2642 1046 2727 perierunt.

83 2736 113 2802 si
130 2740 243 2802 tamen
259 2735 379 2800 intueri
397 2733 489 2818 (rei)
504 2736 563 2798 nat
563 2756 658 2799 uram
676 2732 856 2816 volueritis,
875 2731 1046 2817 apparebit

80 2824 244 2911 profecto,
271 2846 338 2890 non
365 2845 442 2889 casu
469 2844 526 2888 eos
554 2823 589 2887 in
612 2845 685 2888 eum
710 2822 817 2887 locum
840 2822 1046 2906 potissimum

81 2914 219 2999 venisse,
236 2913 272 2978 in
290 2934 355 2998 quo
375 2912 440 2978 ab
430 2912 562 2978 mimico
577 2910 903 2996 deprehenderentur.
934 2909 1044 2993 depre-
1064 2923 1099 2972 30

150 3033 686 3120 3numarus]nostris1'lltmiseras
705 3031 950 3117 B-Pllcommi
970 3030 1047 3099 ΒΙΙθ

79 3107 234 3254 {presbvt
224 3106 363 3177 llluntio
382 3109 438 3172 Aa,
461 3104 556 3174 legum
573 3102 1048 3176 ultiou)1tones1ap<quam>

162 3186 178 3235 9
218 3178 350 3248 exulem>
355 3176 448 3246 oleru
464 3181 497 3231 10
514 3176 670 3243 debeatA,
696 3174 855 3231 debebatis
833 3181 957 3247 B,.eorr
976 3173 1021 3228 Ro
1039 3174 1049 3245 ΙΙ

81 3257 116 3307 14
133 3177 462 3318 iochinutudelsin
485 3252 517 3302 16
537 3247 736 3317 contempserit
754 3253 774 3300 P
791 3247 801 3317 Ι
821 3219 992 3303 narratio
1012 3248 1048 3312 A;

80 3322 220 3378 irascitur
238 3320 371 3376 Narratio
391 3320 487 3391 (rubro
501 3320 587 3374 colore
594 3317 769 3388 scriptum)
761 3335 853 3375 mnoc.
866 3320 911 3388 ΒΙ
926 3322 959 3371 18
979 3287 1049 3372 duod

81 3395 154 3464 ΔΒΙ
172 3400 207 3450 20
226 3393 301 3448 enim
319 3396 376 3459 ΔΒ,
396 3408 465 3447 corr.
477 3390 532 3458 Gr,
549 3391 644 3446 autem
663 3391 720 3446 Aer
734 3390 743 3459 ΙΙ
762 3395 797 3444 24
814 3407 865 3460 pro
885 3390 1048 3459 ΒΙΒὸ-Βθ

81 3466 143 3521 eoin
161 3466 196 3522 al.
215 3470 236 3519 Β
246 3466 259 3535 ΙΙ
273 3471 307 3520 28
326 3434 409 3538 (rei)
427 3463 473 3519 Ro

853 3553 911 3610 Ab*
