2386 3816
159 160 225 226 436
342 191 345 195 J
518 158 746 227 ocluurumru

159 324 325 408 linquitur.
357 322 498 388 Romani
522 323 651 408 generis
675 325 797 405 auctor,
820 321 934 387 divisis
957 323 1054 389 inter
1079 347 1138 408 pa·

158 416 299 477 tremet
327 411 432 476 filium
462 411 593 496 pietatis
622 410 752 496 officiis,
785 431 857 476 eum
881 414 1071 496 utrumque
1096 414 1138 478 ad

158 501 348 585 fugiendum
376 499 454 565 anni
477 500 664 585 deficerent,
697 501 836 566 alterum
858 498 951 583 tulit,
988 501 1136 566 alterum

160 590 270 654 traxit.
300 593 413 674 mater,
432 588 518 654 disce
537 587 660 673 fugere.
687 592 768 674 puto
786 609 853 653 non
871 588 1056 674 miramini,
1078 611 1136 656 eur

126 693 143 743 s
162 682 265 743 mater
283 699 350 743 non
367 678 514 763 recipiat,
533 692 629 761 quem
646 682 717 743 tam
735 677 833 742 vilem
851 676 960 761 babet,
987 682 1029 743 ut
1048 683 1135 744 tam-

162 788 259 851 quam
286 766 423 832 cadaver
444 766 615 851 relinquat.

164 879 165 882 ¹
232 854 396 939 „Primus,
419 854 538 939 inquit,
562 853 657 920 heres
680 853 804 939 periit“
847 854 913 919 nisi
940 853 1060 939 fallor,
1085 856 1133 920 iu-

160 945 257 1027 dices,
279 943 314 1008 in
336 943 399 1009 hoc
421 943 643 1008 controversia
666 948 724 1029 est,
747 945 856 1008 utrum
875 943 1036 1009 fluctibus
1056 945 1132 1010 sub·

161 1054 285 1098 mersus
310 1033 353 1097 sit
375 1052 456 1116 puer
479 1054 521 1097 an
544 1054 563 1096 a
585 1032 702 1115 piratis
725 1034 839 1116 raptus
863 1031 916 1096 sit.
962 1030 1002 1097 Si
1027 1033 1129 1098 doceo

110 1138 143 1186 10
161 1143 230 1187 non
247 1121 379 1205 perisse,
396 1120 552 1186 nimirum
570 1124 685 1205 raptus
704 1124 766 1204 est3
786 1122 815 1185 si
832 1129 963 1204 raptum
978 1122 1130 1201 ostendo,

163 1210 261 1275 doceo
282 1209 381 1275 etiam
399 1210 520 1295 viuere;
544 1210 573 1274 si
591 1209 686 1275 vivit:
704 1209 859 1274 nimirum
877 1209 930 1273 hic
949 1213 1014 1294 est,
1035 1232 1130 1295 quem

163 1298 288 1364 invenit
310 1298 458 1382 libertus,
481 1298 578 1363 evicit
598 1298 751 1382 adsertor,
774 1298 869 1364 iudex
891 1297 1036 1384 remisit,
1059 1301 1130 1365 avia

164 1390 362 1557 maginem,
385 1477 423 1539 ut
444 1475 650 1559 propositum
674 1474 820 1540 ordinem
838 1496 964 1560 sequar,
988 1496 1078 1563 nego
1097 1477 1130 1542 in

112 1578 145 1626 rc
165 1563 247 1628 mari
269 1563 403 1646 perisse.
449 1561 542 1627 Litus
566 1563 764 1628 amoenitate
786 1565 918 1646 notum,
947 1586 1129 1651 numquam

163 1653 249 1716 elato
274 1651 417 1716 adluitur
441 1651 536 1736 mari,
568 1652 625 1718 sad
647 1651 792 1717 molliter
814 1651 969 1719 devexum
999 1655 1130 1739 aequali

163 1741 312 1827 planitie,
344 1739 503 1823 paulatim
531 1741 777 1824 superueniente
805 1741 939 1827 pelago,
973 1743 1128 1809 subsidit.

164 1830 263 1914 longo
288 1829 396 1913 spatio
423 1829 660 1914 ingredientem
683 1829 815 1914 fatigat,
847 1833 924 1895 ante
953 1852 1057 1915 quam
1080 1834 1130 1898 de·

164 1921 287 1984 stituat.
332 1940 443 2002 porro,
481 1921 518 1983 tu
549 1918 729 2003 tranquillo
765 1919 850 1982 mari
882 1940 925 1985 an
955 1925 1129 1987 aestuante

110 2023 145 2073 2ο
166 2028 342 2092 progressa
370 2006 427 2071 es?
468 2006 654 2073 credibilius
678 2007 801 2073 seilicet
824 2007 864 2072 ad
887 2006 967 2073 baec
987 2010 1131 2076 oblecta

164 2099 275 2159 menta
297 2095 450 2160 laetiores
473 2096 624 2181 eligimus
648 2096 731 2179 dies3
763 2095 914 2161 horridus
937 2118 1019 2163 vero
1045 2099 1126 2165 deci·

164 2182 310 2248 dentium
328 2182 488 2248 undarum
506 2183 619 2268 fragor
637 2188 670 2249 et
688 2185 908 2250 exaestuantis
926 2185 1050 2252 fluetus
1069 2189 1127 2253 mi·

164 2293 228 2336 nax
250 2270 364 2336 facies:
388 2274 421 2336 et
443 2271 519 2357 tibi,
542 2277 721 2357 opportune
744 2274 918 2339 secundum
942 2274 1020 2358 ipsa
1039 2276 1130 2342 habi·

164 2360 250 2425 tanti
262 2360 369 2444 litora,
382 2381 449 2425 non
466 2361 631 2445 rapienda,
645 2362 702 2427 sed
717 2362 914 2446 expectanda
923 2364 1130 2452 †obsessio†

106 2463 146 2512 25
166 2452 223 2514 est.
246 2450 294 2514 ita
311 2448 452 2533 habitas,
474 2453 512 2514 ut
529 2450 590 2514 tibi
610 2452 708 2516 etiem
727 2451 984 2535 tranquillitates
1004 2454 1127 2538 eligere

164 2537 332 2602 fastidiose
349 2538 456 2605 liceat.
481 2560 559 2605 sane
577 2541 689 2604 tamen
709 2540 850 2605 adversis
869 2543 1126 2624 tempestatibus

165 2628 198 2689 et
227 2627 445 2692 saevientibus
476 2649 510 2692 se
541 2628 634 2693 undis
665 2629 779 2694 offerre
810 2628 957 2693 libuerit:
994 2653 1039 2697 ne
1068 2633 1128 2698 hoc

166 2714 294 2799 quidem
317 2716 545 2798 periculosum.
575 2717 736 2782 venientis
755 2717 841 2782 enim
859 2718 977 2783 fluctus
999 2724 1035 2784 et
1055 2744 1128 2788 con·

239 2946 253 2993 1
273 2940 362 2994 Roma
382 2943 428 3010 ΔΙΙ
446 2946 463 2994 4
486 2942 640 3015 miramini]
661 2947 797 2999 natum?
819 2947 829 3016 ΙΙ
852 2950 866 2999 7
886 2945 952 3016 nisi]
973 2944 1005 3001 ni
1023 2952 1046 3001 B
1071 2953 1082 3019 l
1102 2956 1132 3004 11

167 3010 230 3065 dico
250 3010 403 3066 etiamnum
421 3011 515 3067 vivere
534 3013 605 3084 Frll
626 3021 659 3070 15
687 3016 728 3070 de
757 3033 910 3071 amoeno
936 3016 1059 3074 litore
1085 3027 1129 3074 Δ.

170 3088 204 3137 16
229 3081 395 3136 alluitur
416 3088 440 3135 Δ
457 3084 467 3154 l}
488 3089 519 3138 1⁷
540 3085 666 3141 subsedit
683 3091 746 3155 ΑΒ,
766 3103 834 3143 corr.
854 3087 898 3142 Fr
911 3087 921 3156 ΙΙ
943 3093 975 3141 19
996 3088 1048 3161 an]
1071 3093 1135 3147 avia

169 3158 189 3207 B
212 3155 222 3224 l
244 3158 277 3207 21
298 3152 433 3224 elegimus
451 3159 501 3207 ΑΒ
515 3156 525 3226 ΙΙ
546 3162 650 3211 21-22
670 3157 810 3213 decidenti
828 3158 873 3213 vie
892 3159 1030 3214 undarum
1051 3166 1089 3231 B,
1108 3164 1133 3217 d.

169 3224 231 3281 viae
250 3243 277 3280 n.
297 3230 317 3277 1³
335 3227 344 3296 ΙΙ
367 3231 400 3279 22
421 3227 595 3281 estuantiaB
618 3229 627 3297 ΙΙ
650 3234 684 3283 23
703 3231 861 3298 opportuna
878 3234 943 3296 ΑΒ,
971 3246 1045 3287 corr.
1066 3233 1113 3290 Rc
1127 3260 1134 3281 ¹·

169 3296 237 3379 sediu
255 3300 303 3365 Δι,
322 3297 486 3377 mundiali,
506 3313 599 3352 seeum
613 3304 633 3352 B
647 3298 725 3424 lipsi
743 3300 890 3382 babitandi
907 3302 1135 3387 Bllat'occasio

169 3365 214 3433 Pr,
234 3365 387 3422 oblectatio
408 3368 449 3423 Gr
471 3369 481 3437 ΙΙ
504 3369 771 3439 25tranqurlrtat1s
790 3376 810 3424 B
833 3373 843 3441 l
865 3376 898 3425 27
919 3379 1134 3433 sevementrbuu

161 3442 210 3506 Aa,
232 3438 444 3498 scaevientibus
464 3439 501 3512 (et
518 3440 644 3499 similiter
662 3445 767 3511 postera
779 3447 801 3493 r
813 3441 1003 3510 lesemdan
