2386 3816
346 154 665 213 DECLAMATIONES.
681 155 843 214 cecum.
1006 158 1071 224 407

495 333 693 404 CCCLXX.

253 458 369 541 Rapta
397 459 635 542 compotitrix
658 458 784 527 divitis
806 460 917 529 filiae.

110 585 290 651 Iuscmerr
326 601 510 649 nrnurrcn
543 603 596 651 srr
629 602 747 652 acrio.
797 605 857 665 our
888 604 1073 653 ruonuunrr

202 690 452 758 seuranvnmr,
473 691 546 738 aar
570 692 689 740 nncnu
712 693 821 743 nnn.
860 676 1016 760 Pauperis
1039 680 1073 742 et

203 762 313 827 divitis
331 762 418 826 filiae
437 763 594 846 petebant
608 765 835 830 sacerdotium.
861 787 973 829 rumor
992 769 1072 848 erat,
1092 780 1107 830 5

201 850 353 935 pauperis
372 851 472 916 filiam
492 852 636 918 futuram
651 853 859 918 sacerdotem.
891 876 962 918 eam
981 876 1073 938 para·

203 940 285 1005 situs
317 940 376 1005 sub
401 940 486 1004 diem
516 942 721 1007 comitiorum
750 942 868 1026 rapuit.
909 942 997 1008 dives
1026 942 1072 1007 of·

202 1028 266 1093 fert
296 1050 356 1114 pro
390 1050 428 1094 eo
457 1029 567 1095 decem
594 1031 694 1095 milia.
743 1032 891 1116 inseripti
920 1030 1072 1095 maleficii

201 1139 275 1182 reus
299 1121 356 1181 est.

424 1221 1126 1292 DECLAMATIO.10

180 1346 274 1430 „Non
301 1353 364 1432 est,
392 1349 513 1434 inquit,
545 1350 751 1435 inscriptum,
779 1351 856 1435 quia
883 1355 971 1416 certo
1001 1351 1073 1434 lege

114 1399 383 1520 comprehensuin
417 1440 495 1503 est“
540 1438 610 1504 Hoo
639 1439 760 1505 diceret
787 1443 861 1524 rapt
863 1462 912 1522 or,
946 1441 974 1504 si
1001 1461 1074 1504 cum

112 1525 171 1589 illo
201 1546 339 1610 agerem.
386 1525 443 1590 sed
471 1528 565 1593 aliter
593 1551 718 1594 meeum
746 1525 808 1593 tibi
832 1529 954 1594 oonsist
940 1528 1074 1594 tendum

114 1619 172 1678 est.
217 1636 330 1699 rapere
355 1616 441 1680 enim
464 1617 623 1681 usitatum
645 1623 709 1683 est:
741 1619 886 1683 subicere
909 1620 1074 1702 raptorem

112 1725 242 1768 novum.
278 1726 457 1789 numquam
479 1705 541 1770 hoo
564 1707 701 1772 timuere
724 1707 872 1772 maiores.
1094 1720 1126 1770 15
1170 1788 1173 1798 Ι

489 1897 701 1968 OOCLXXI.

234 2020 314 2087 Viri
337 2021 449 2091 fortis
471 2024 587 2109 pater,
610 2041 695 2092 reus
717 2022 948 2108 proditionis.

114 2123 298 2214 dssochRE
318 2165 456 2215 menan.
479 2169 538 2215 VIR
556 2168 681 2216 FORTIS
701 2168 813 2216 ΟΡΤΕΤ
833 2168 929 2228 QUOD
948 2167 1074 2216 VOLET.

205 2237 266 2314 Qui
288 2238 484 2322 proditionis
502 2243 628 2324 patrem
651 2262 742 2304 reum
764 2240 921 2324 habebat,
944 2239 1075 2304 fortiter

201 2327 369 2412 pugnavit
414 2332 553 2412 rogante
575 2332 679 2412 patre,
708 2333 746 2394 ut
769 2333 900 2413 optaret
923 2328 1074 2393 abolitio·
1094 2343 1128 2392 20

203 2437 278 2480 nem
311 2438 415 2500 suam,
448 2439 512 2482 non
546 2419 685 2502 optavit,
719 2417 841 2482 sedin
869 2417 988 2481 iudicio
1019 2438 1074 2481 reo

205 2505 317 2569 adfuit.
341 2506 509 2571 absolutus
533 2511 626 2591 pater
650 2506 781 2572 abdicat
802 2505 914 2570 filium.

392 2675 396 2681 ’
424 2680 763 2749 DECLAMATIO.

185 2807 269 2911 Quid
291 2808 431 2893 peccavi,
455 2829 511 2874 eur
535 2808 687 2874 abdicet?
726 2830 803 2873 num
828 2807 998 2872 adversum
1022 2829 1075 2890 pa·

114 2897 256 2962 triam
246 2919 334 2962 rners
363 2896 456 2962 sum?
497 2898 643 2963 luxuriae
673 2896 813 2980 deditus,
847 2897 934 2962 bella
961 2895 1075 2982 fugio?
1095 2911 1129 2962 aa

116 3010 158 3052 an
189 2987 343 3052 adversus
372 2989 497 3069 patrem
525 2987 666 3070 impius?
708 3009 790 3053 reor
834 2986 869 3049 in
897 3008 960 3071 qua
983 2988 1076 3069 parte

189 3170 204 3217 6
225 3179 302 3217 earm
321 3163 419 3246 Afl'(
415 3160 637 3217 mmrsteruorum
654 3166 676 3214 Β
683 3161 905 3232 ‚mysteriorum
924 3165 944 3212 Β
966 3163 976 3230 ΙΙ
1001 3159 1077 3214 exit

115 3234 196 3289 milia
215 3234 299 3304 Aen
292 3250 422 3303 1nscr1p
440 3238 463 3286 Δ
485 3235 495 3304 η
519 3238 551 3286 11
572 3204 708 3303 seriptuin
725 3236 792 3285 Aalt
806 3234 817 3302 ΙΙ
835 3234 909 3286 corte
928 3234 987 3299 ΔΒ,
1006 3245 1076 3285 corr.

116 3308 174 3360 Aer
198 3308 207 3372 fl
232 3311 264 3359 12
284 3304 444 3360 diceromB
467 3306 477 3373 (l
502 3310 534 3357 13
553 3304 704 3359 consisto
722 3309 746 3357 Δ
763 3306 773 3371 ss
793 3309 826 3357 15
845 3318 968 3370 unquam
986 3303 1075 3370 ital

117 3394 181 3431 reus
199 3381 219 3429 Β
234 3380 291 3445 1124
311 3376 443 3431 adversus
461 3376 552 3444 ΒΙΙΒθ
571 3373 621 3448 <id
640 3378 715 3430 certe
733 3391 791 3429 non
808 3371 930 3444 uepreor
952 3374 1022 3435 Aer
1034 3375 1090 3434 ete

117 3448 187 3502 Iret.
169 3454 244 3503 t.or
272 3447 360 3513 VIII,
376 3451 401 3513 3
414 3451 468 3515 26;
486 3448 534 3504 sert
553 3447 590 3517 cf.
610 3446 658 3516 ΙΙ,
672 3453 721 3514 16,
733 3453 751 3501 9
