2386 3816
110 169 174 234 102
475 163 706 232 cumanum

198 335 399 416 compertum
413 332 473 414 est,
488 329 564 414 quid
580 326 759 394 accidisset.
783 327 955 393 accusatur
967 328 1076 412 pater,

198 421 283 505 quod
306 442 403 486 causa
426 418 542 484 mortis
566 417 674 484 fuerit.

500 665 673 734 SERMO.

176 812 294 878 Facilis
323 811 413 878 etin
436 813 590 896 promptu
613 809 698 876 ratio
719 812 769 875 est
787 807 862 874 huic
881 809 960 892 seni,
985 810 1076 894 quod

75 918 91 967 e
111 903 251 987 pertinet
274 900 315 967 ad
338 898 501 966 adfectum
528 897 789 985 [paenitentiae]‚
822 897 907 984 quod
929 897 1078 982 pertinet

110 993 149 1057 ad
178 991 384 1076 aequitatem.
426 989 491 1054 nisi
518 992 628 1053 tamen
655 988 756 1053 etiam
782 988 852 1052 iure
879 986 1076 1072 defenditur,

109 1080 280 1146 verendum
308 1080 385 1164 erit,
416 1099 457 1144 ne
484 1077 577 1142 illum
604 1077 736 1143 flentem
763 1076 885 1143 iudices
908 1075 1078 1144 damnent.

109 1171 282 1255 diligenter
304 1190 381 1255 ergo
405 1187 549 1254 pugnare
573 1167 658 1233 circa
676 1168 782 1252 legem
801 1165 999 1233 debebimus.
1040 1170 1079 1232 et

110 1281 188 1325 eane
212 1259 392 1343 asperiores
415 1258 450 1322 in
469 1257 690 1322 controversia
709 1259 818 1340 partes
836 1255 976 1321 fortasse
991 1257 1079 1321 recti

59 1362 91 1411 10
110 1347 337 1413 declamatoris
355 1346 552 1431 relinquant.
578 1345 694 1410 divisio
713 1366 815 1431 paene
829 1345 892 1411 hoc
904 1345 1078 1431 proprium

108 1436 222 1520 habet,
250 1434 420 1501 ostendere
443 1457 519 1501 ossa
542 1438 575 1500 et
597 1455 714 1500 nervos
738 1434 995 1501 controversiae:
1031 1441 1077 1521 et,

109 1525 285 1591 secundum
312 1546 420 1590 meum
449 1523 577 1610 quidem
601 1523 769 1609 iudicium,
797 1523 882 1589 idem
905 1527 1078 1609 praestare

108 1613 301 1680 declamatio
326 1613 430 1680 debet.
475 1634 552 1679 nam
575 1614 644 1678 sine
662 1611 724 1695 his,
747 1612 785 1679 de
805 1613 921 1698 quibus
940 1613 1076 1680 locutus

110 1726 191 1788 sum,
215 1725 290 1770 caro
313 1703 386 1788 ipsa
408 1725 466 1789 per
490 1723 525 1768 se
548 1701 626 1788 quid
650 1702 694 1768 sit
716 1702 919 1789 intellegitis.
956 1703 1015 1768 sed
1038 1705 1077 1769 in

58 1804 91 1856 15
110 1793 345 1859 declamatione
368 1791 536 1859 vestienda
558 1795 634 1857 sunt
650 1791 739 1876 haec,
762 1796 800 1858 ut
819 1814 858 1858 ex
876 1791 968 1879 †illis
989 1793 1078 1859 inte·

109 1884 243 1962 riores†
272 1883 357 1948 vires
387 1882 538 1947 habeant,
581 1880 733 1947 finiamus
758 1901 836 1968 ergo
858 1903 991 1948 necesse
1015 1887 1078 1969 est,

108 1972 186 2057 quid
209 1973 254 2038 sit
277 1995 375 2038 causa
397 1971 521 2036 mortis.
562 1973 634 2036 tota
657 1970 743 2037 enim
766 1971 807 2038 lis
832 1974 865 2038 et
889 1993 982 2037 omne
1008 1972 1077 2038 dis-

107 2062 230 2125 crimen
258 2060 496 2126 controversiae
523 2060 559 2124 in
585 2060 648 2125 hoc
670 2060 815 2146 positum
838 2065 897 2127 est.
943 2084 1022 2127 nam
1046 2063 1077 2128 si

109 2148 151 2213 ad
177 2149 359 2214 finitionem
385 2149 489 2234 partis
514 2148 667 2214 adversae
691 2150 885 2230 accedimus,
914 2154 951 2215 ut
974 2173 1076 2218 causa

55 2249 89 2298 20
109 2237 223 2302 mortis
254 2237 309 2322 sit,
341 2239 396 2323 qui
428 2238 576 2302 attulerit
608 2260 740 2304 causam
775 2240 871 2305 alicui
899 2240 1075 2326 moriendi,

106 2348 166 2411 per
194 2349 290 2412 quem
317 2327 439 2393 factum
470 2327 527 2412 sit,
557 2331 595 2393 ut
618 2327 735 2412 aliquis
758 2332 952 2395 moreretur:
980 2332 1074 2397 nullo

106 2416 203 2481 modo
227 2416 396 2483 defendere
419 2439 480 2484 nos
498 2439 681 2502 possumus.
715 2440 819 2502 neque
839 2420 924 2484 enim
944 2418 1075 2486 dubita-

106 2505 205 2591 bitur,
228 2504 306 2591 quin
328 2528 386 2592 per
409 2505 496 2572 hunc
518 2506 644 2572 factum
666 2506 718 2587 sit,
741 2511 779 2572 ut
802 2508 858 2573 ille
881 2513 1073 2594 moreretur,

178 2755 192 2805 1
210 2753 286 2819 quod
295 2757 375 2821 nc,
390 2768 459 2808 corr.
468 2752 513 2808 Ro
527 2753 536 2822 ΙΙ
550 2753 700 2809 occidisset
713 2759 743 2821 B,
757 2755 949 2810 accessissetc
963 2758 973 2826 ll
987 2773 1070 2813 accu-

107 2823 209 2877 satore
223 2825 232 2893 ΙΙ
247 2823 405 2878 tellectum
413 2829 458 2877 Bc
471 2825 480 2895 ll
495 2825 732 2907 *lpaenitentiae]
743 2824 873 2881 affectum
881 2824 1071 2900 3<im>paeni

106 2893 211 2949 tentiae
227 2894 281 2961 Ro,
295 2895 621 2966 adfereoep.108,1ocq.
635 2899 645 2967 ΙΙ
660 2903 675 2952 ‘1
690 2898 745 2952 ent
759 2913 809 2953 om.
819 2902 863 2950 Bc
876 2900 886 2968 l
900 2899 1071 2968 eoeperiore

106 2965 150 3019 usi
169 2966 255 3022 contr.
274 2966 319 3035 ΒΙΙ
332 2967 408 3021 recte
428 2965 631 3023 declamatores
649 2973 693 3021 Bc
707 2969 717 3038 ΙΙ
732 2976 765 3025 10
784 2986 891 3039 poenae
905 2974 977 3023 nc
992 2971 1070 3041 11])τί-

106 3053 183 3089 mum
202 3042 238 3089 ce
251 3038 260 3107 ll
275 3043 308 3092 12
328 3036 480 3092 secundum
498 3039 528 3094 et
545 3057 582 3096 m.
601 3044 672 3092 Ano
686 3041 696 3108 ll
711 3047 744 3095 15
757 3041 888 3109 fortasse:
907 3039 955 3096 *ut
969 3042 1070 3098 exinde

106 3106 274 3178 integriores
297 3127 322 3164 v.
343 3109 370 3163 h.
393 3110 434 3164 vel
457 3111 488 3164 ut
511 3127 545 3165 ex
562 3109 620 3166 illie
638 3111 760 3167 inductis
783 3112 918 3168 interiora
937 3132 961 3169 v.
982 3114 1009 3168 h.
1029 3115 1071 3170 vel

105 3179 187 3234 ctiam
205 3180 238 3234 ut
256 3197 290 3235 ex
308 3178 430 3234 inductis
449 3180 578 3237 decorem
598 3184 627 3238 et
645 3201 671 3237 v.
690 3182 717 3239 h.
743 3185 778 3252 cf.
800 3184 917 3256 Quintil.
937 3186 1010 3242 Imt.
1029 3201 1068 3242 or.

105 3266 167 3305 eam
185 3251 255 3306 alios
272 3252 343 3309 lococ
365 3257 423 3307 tum
448 3252 479 3319 V,
493 3257 560 3321 &a
584 3253 664 3323 atqui
683 3255 914 3313 cetera..nervis
932 3255 990 3311 illis
1008 3257 1070 3326 qui·

105 3320 157 3376 bue
181 3337 265 3377 causa
287 3322 445 3380 continetur
469 3326 537 3394 (scil.
562 3324 785 3398 probationibus)
812 3328 940 3384 adiciunt
960 3327 1070 3384 inducti

106 3409 190 3462 super
209 3395 332 3464 corporis
351 3395 473 3465 speciem
486 3397 495 3466 ll
510 3403 545 3452 20
563 3397 630 3466 quid
648 3402 677 3468 Β,
697 3398 858 3468 quicquidc
872 3402 882 3471 ΙΙ
896 3417 982 3456 causa
999 3399 1069 3456 meli

96 3463 148 3517 cur'
159 3469 185 3516 B
192 3466 211 3534 ss
219 3471 256 3519 22
274 3467 424 3526 dubitatur
441 3472 462 3524 B
