2386 3816
157 159 223 226 246
411 212 416 221 ,
525 117 756 228 eumenum

535 375 739 447 ccexvn.

339 519 545 606 Imperator
567 521 781 605 provecatus
805 541 826 589 a
848 521 939 591 filie.

159 645 225 723 Qur
247 665 475 715 Paovocnrns
498 665 544 714 AB
566 664 682 714 nescu
705 666 1044 736 acupenserem,
1070 669 1133 718 cn·

244 755 327 803 Prrs
349 754 537 804 rumaren
580 736 684 803 Filius
711 737 917 824 imperatoris
945 739 988 805 ad
1010 739 1129 808 hostes

120 840 136 891 ὁ
244 827 431 913 transfugit
478 826 666 911 prouocauit
697 830 834 911 patrem.
879 828 937 895 ille
969 851 1038 896 non
1073 831 1129 897 de·

246 916 372 983 scandit
393 916 429 981 in
452 919 617 981 certamen
639 915 745 1002 solus,
774 917 833 983 sed
855 917 924 984 acie
948 919 1128 985 commissa

244 1005 324 1072 uicit
352 1005 480 1090 hestes3
507 1005 542 1072 in
572 1026 636 1089 quo
659 1005 787 1090 proelio
810 1010 845 1072 et
865 1007 954 1074 filius
978 1008 1050 1074 eius
1076 1031 1128 1074 ce-

182 1169 184 1173 ,
245 1094 333 1160 cidit.
384 1098 567 1175 accusatur,
600 1093 687 1178 qued
718 1099 915 1180 provocatus
948 1097 991 1162 ab
1024 1097 1127 1164 hoste

243 1205 310 1250 non
331 1184 535 1271 pugnaverit,

101 1380 135 1429 ιο
547 1359 721 1429 SERMO.

220 1486 274 1552 An
306 1486 451 1572 quisquis
484 1487 525 1552 ab
552 1486 648 1552 hoste
673 1492 868 1573 prouocatus
896 1511 963 1556 non
992 1513 1123 1578 pugna·

154 1576 251 1661 verit,
278 1576 387 1661 puniri
410 1574 548 1641 debeat?
579 1598 621 1641 an
643 1575 725 1644 haec
746 1579 800 1643 lex
822 1579 863 1644 ad
885 1579 1124 1665 imperatorem

153 1664 340 1842 ἓξὲινιέιὲἳιῖῗ
364 1687 407 1729 an
426 1664 481 1730 hic
508 1665 550 1730 ab
577 1664 673 1731 hesta
695 1671 891 1751 provecatus
911 1667 976 1734 sit?
1000 1691 1043 1737 an
1062 1693 1126 1756 pu-

100 1915 134 1964 15
460 1895 805 1966 Ducnanarle.

220 2024 291 2101 Qui
315 2026 361 2090 ab
384 2024 497 2091 hoste
519 2028 754 2111 provocatus
773 2045 849 2092 non
866 2029 1128 2111 pugnaverit,

156 2114 283 2199 capite
306 2113 499 2197 puniatur.

219 2202 259 2268 In
301 2203 452 2268 omnibus
493 2202 622 2288 quidem
659 2201 787 2290 legibus
829 2203 934 2270 solam
976 2206 1123 2287 spectari

154 2295 283 2380 oportet
302 2291 475 2357 scribentis
494 2291 707 2358 voluntatem.
731 2291 831 2357 verba
853 2293 940 2358 enirn
963 2293 1123 2380 ambigua

100 2396 134 2446 20
154 2387 187 2448 et
214 2383 249 2447 in
278 2382 386 2468 plures
414 2381 599 2447 intellectus
628 2379 725 2447 ductu
753 2384 841 2467 sunt,
874 2381 1123 2450 scribendarum

151 2475 263 2558 legum
286 2493 384 2537 causa
405 2471 557 2536 voluntas
579 2470 651 2536 fuit.
697 2489 774 2555 erge
797 2470 831 2536 id
854 2492 954 2536 unum
976 2474 1123 2557 spectari

154 2560 318 2645 convenit,
349 2563 483 2644 prepter
515 2559 602 2646 quod
635 2560 775 2643 scriptae
803 2562 886 2625 sunt.
930 2560 1029 2626 huius
1064 2584 1123 2628 au-

153 2654 221 2717 tem
248 2649 331 2735 legis
361 2647 571 2715 manifestum
604 2652 654 2714 est
686 2647 771 2714 hanc
803 2649 1006 2714 veluntatem
1038 2671 1122 2736 esse,

152 2739 201 2805 uti
237 2739 404 2824 puniatur,
448 2739 598 2824 quotiens
635 2737 846 2803 commissum
883 2741 946 2822 est,
981 2743 1122 2824 propter

100 2842 134 2893 25
153 2825 241 2914 qued
272 2827 451 2893 constituta
481 2850 589 2914 poena
620 2830 683 2893 est:
720 2848 954 2912 supervacuum
987 2829 1121 2914 supple·

153 2918 299 2984 mentum
318 2919 376 2981 est
406 2919 576 2984 utcontra
594 2917 694 2983 verba
717 2917 944 3001 interpretatio
964 2922 1121 3003 sequatur

153 3005 284 3091 aliquid,
307 3003 490 3089 frequenter
513 3006 656 3072 accidere
678 3009 799 3092 potest,
823 3027 897 3071 cum
919 3006 954 3071 in
978 3006 1053 3072 ah'is
1074 3009 1119 3074 le-

152 3096 262 3182 gibus,
295 3096 367 3159 tum
393 3094 428 3159 in
453 3093 516 3161 hac
542 3096 722 3182 praecipue.
767 3096 929 3181 fingamus
959 3096 1045 3162 enim
1075 3099 1118 3163 ab

152 3184 246 3250 hoste
273 3186 484 3269 provocatum
512 3184 654 3269 aliquem
677 3207 825 3272 aegrum3
857 3184 1019 3270 fingamus
1042 3208 1118 3271 pre·

224 3396 241 3449 8
265 3397 412 3451 accusator
429 3398 480 3465 ΔΙΙ
502 3400 535 3450 20
559 3394 647 3450 dubia
669 3398 734 3452 sunt
755 3397 797 3453 eet
819 3396 885 3452 duci
908 3400 1026 3468 possunt
1044 3399 1115 3455 ceni.

208 3467 270 3540 121
294 3467 451 3529 voluntatis
471 3469 537 3542 Acti
553 3467 585 3526 in
603 3485 655 3526 em.
674 3471 699 3521 a
