2386 3816
316 167 633 227 DECLAMATIONES.
654 168 805 226 CCCXXX.
966 170 1030 235 297

378 381 720 451 DECLAMA'PIO.

131 521 207 589 Non
234 522 365 607 ignoro,
393 524 617 608 expectatione
646 524 791 590 criminis
822 547 874 590 me
904 530 1031 594 onerari

66 636 104 680 ex
133 613 198 677 hoc
224 612 412 698 praecipue,
441 612 527 696 quod
549 612 704 678 abdicans
731 612 1045 700 indulgenspacer.‘

64 703 177 786 itaque
194 722 235 765 ne
252 700 311 765 illa
329 701 459 785 quidem
478 702 593 786 dicere,
616 723 698 786 quae
718 701 814 767 initio
835 702 1030 773 defensionis

66 789 240 858 sollemnia
262 790 361 854 ceteri
384 789 521 875 habent,
552 812 695 874 possum.
741 791 854 875 ecquid
877 794 1065 877 peccavi?c

64 877 224 963 numquid
255 879 436 943 luxuriatus
467 877 561 944 sum?
595 878 753 964 numquid
780 880 868 946 bona
894 886 1032 966 paterna

66 966 276 1050 consumpsi?
315 967 470 1050 numquid
497 969 700 1034 meretricem
729 969 858 1034 amavi?
896 993 969 1036 cum
993 994 1030 1037 eo

66 1057 149 1122 mihi
171 1059 265 1140 patre
287 1077 339 1121 res
364 1059 426 1140 est,
454 1057 511 1141 qui
537 1057 731 1123 remissurus
754 1057 835 1123 haec
857 1058 929 1125 fuit.
970 1061 1031 1125 uti-

64 1140 143 1210 nam
170 1143 343 1228 profutura
370 1145 435 1209 ista
462 1145 636 1230 frugalitas
665 1148 751 1211 esset
781 1147 866 1231 apud
889 1150 1030 1232 patrem!

64 1256 151 1301 nunc
180 1234 285 1298 omnis
312 1232 426 1298 iudicii
454 1255 583 1318 scaena,
611 1255 705 1300 omne
732 1236 911 1319 periculum
939 1259 1029 1303 meae
1050 1253 1085 1303 10

65 1322 237 1475 dignitatilp
261 1343 300 1386 ex
321 1321 384 1388 hoc
407 1322 521 1407 oritur,
544 1322 630 1408 quod
653 1324 823 1408 pecuniam
846 1347 914 1391 non
931 1348 1031 1392 mere

63 1411 140 1477 trici
163 1411 202 1476 de
229 1411 246 1475 ’.

131 1499 171 1564 In
188 1499 252 1565 hoc
273 1499 368 1580 enim,
391 1503 429 1564 ut
446 1500 572 1584 opinor,
595 1500 702 1566 omnis
722 1501 905 1568 criminatio
926 1503 1030 1569 divisa

65 1590 117 1654 eet
139 1589 253 1673 patris,
277 1587 362 1673 quod
381 1590 519 1654 matrem
538 1589 685 1673 aluerim,
709 1589 794 1673 quod
812 1592 921 1674 talem,
944 1592 1030 1676 quod

64 1680 158 1764 petre
185 1677 366 1761 ignorante.
406 1675 500 1754 Quod
523 1677 569 1742 sic
592 1682 730 1742 matrem
755 1678 835 1756 alni,
863 1675 1029 1763 (blandior
1049 1695 1083 1744 15

64 1765 148 1831 mihi
171 1765 284 1849 adhuc,
306 1762 416 1852 pater)
440 1769 511 1831 erat
534 1765 619 1850 quod
638 1766 673 1831 in
691 1788 744 1831 me
762 1766 889 1831 landari
908 1774 1029 1853 posset,

65 1855 94 1920 ei
116 1855 153 1920 c‘d
174 1853 350 1938 quid<em>
370 1854 525 1920 obiceres.
560 1854 672 1938 itaque
696 1854 918 1919 defensionem
933 1856 1031 1923 huius

64 1943 169 2027 partis
192 1942 367 2009 iucundam
389 1942 587 2028 praeteribo,
610 1964 650 2007 ne
675 1964 773 2027 quam
797 1944 961 2026 quaesisse
985 1945 1030 2009 ri·

64 2031 142 2096 dear
170 2032 387 2116 occasionem,
415 2054 479 2116 qua
506 2030 545 2096 de
575 2031 657 2096 meis
689 2030 840 2097 laudibus
873 2033 1030 2117 loquerer.

66 2119 130 2186 Sed
156 2119 362 2206 repudiatam
385 2125 497 2186 tamen
520 2119 654 2186 crimine
677 2120 831 2187 adulterii
854 2121 930 2186 alui.
981 2143 1030 2188 sa·
1049 2135 1090 2191 201

64 2210 109 2276 tis
133 2214 204 2276 erat
227 2209 308 2274 mihi
331 2208 541 2296 respondere,
568 2208 705 2276 iudices:
738 2210 827 2276 istud
849 2211 1031 2296 qualecum-

65 2319 127 2382 que
151 2302 210 2383 est,
233 2298 275 2363 ad
297 2298 404 2363 filium
433 2320 499 2363 non
521 2298 672 2384 pertinet
715 2299 825 2365 mariti
848 2321 955 2365 mores
979 2322 1030 2365 ex-

66 2388 201 2471 cutiant,
224 2388 335 2452 mariti
359 2388 566 2454 severitatem
590 2386 789 2453 desiderent:
812 2387 926 2452 liberis
950 2388 1031 2453 satis

66 2478 130 2560 est,
162 2475 248 2561 quod
275 2476 346 2540 nati
369 2480 453 2542 sunt.
498 2479 535 2541 at
556 2476 688 2541 hercule
710 2475 837 2542 facilior
860 2475 942 2540 mihi
964 2476 1033 2542 vin·

65 2563 194 2629 dicandi
215 2567 363 2649 potestas
387 2565 521 2650 abipso
545 2565 679 2630 crimine
703 2566 763 2648 est,
786 2564 873 2649 quod
895 2568 1085 2629 nonestis

65 2652 248 2739 litigatum,
275 2675 344 2719 non
370 2658 422 2718 est
450 2652 648 2739 quaesitum,
674 2674 742 2718 non
769 2656 819 2718 est
841 2654 1031 2736 pronuntia-

65 2745 145 2828 tum,
159 2742 368 2808 maledictum
391 2741 491 2808 fuerit
504 2765 547 2808 an
566 2742 697 2827 crimen,
716 2742 909 2809 conscicntia
927 2746 1032 2807 mater

65 2830 252 2897 discesserit
286 2853 328 2896 an
360 2830 567 2916 verecundia3
599 2830 728 2915 r<a>na
754 2835 788 2896 te
821 2830 962 2915 suspicio
992 2853 1032 2896 an

139 3029 155 3078 3
176 3022 292 3078 abdicat
309 3028 349 3075 Ab
372 3024 382 3092 {l
404 3029 421 3077 4
439 3022 482 3078 ita
499 3026 520 3075 B
543 3024 552 3093 ΙΙ
575 3023 682 3078 theco
701 3022 769 3092 quid
787 3028 810 3075 A
832 3026 842 3095 ΙΙ
865 3029 881 3079 8
904 3024 1031 3080 remia·

66 3095 139 3148 εοῖ
151 3099 174 3146 A
198 3096 208 3165 l
232 3100 266 3148 14
289 3096 381 3149 matre
399 3093 547 3150 maluerim
565 3098 607 3148 Aa
628 3096 639 3163 l
662 3097 695 3148 15
718 3093 832 3150 matrim
851 3099 874 3146 A
896 3096 906 3164 l
930 3100 963 3150 1⁷
982 3094 1032 3148 ali-

66 3164 135 3233 quid
154 3170 220 3234 Aa,
247 3181 318 3222 corr.
337 3164 381 3221 Ro
399 3167 409 3235 l
428 3171 461 3221 18
479 3165 569 3235 patrie
588 3168 638 3217 An
656 3166 666 3234 ΙΙ
683 3164 832 3220 iocundam
851 3170 874 3217 A
892 3167 902 3234 l
922 3171 954 3220 19
978 3181 1033 3234 que

64 3239 85 3288 A
104 3237 113 3307 ΙΙ
137 3241 172 3290 20
191 3235 352 3305 repudiavit
369 3240 390 3289 B
410 3238 421 3306 l
440 3235 527 3304 fort*
546 3235 667 3308 [tamen]
686 3237 747 3305 1122
767 3252 858 3291 mores
876 3249 934 3290 non
952 3251 1032 3291 excu-

64 3309 159 3362 terent
177 3310 342 3378 Pn23-24
360 3307 464 3363 laberis
484 3307 552 3362 satie
572 3308 638 3361 sunt
656 3324 681 3376 q.
701 3308 794 3376 ³l24
812 3309 842 3361 et
859 3305 972 3362 hercule
991 3306 1032 3362 fa·

65 3377 146 3522 ciprup
175 3383 238 3504 Ag,
266 3395 336 3434 corr.
361 3378 416 3436 eoo
442 3379 452 3447 11
479 3377 775 3446 ercensendam,
803 3392 872 3432 corr.
893 3375 935 3433 Gr
961 3380 972 3446 l
998 3381 1032 3432 28

64 3467 81 3503 v
104 3467 121 3506 a
142 3467 179 3505 na
227 3467 246 3505 a
