2386 3816
315 155 634 212 DECLAMATIONES.
654 157 872 214 cccxxxvm.
999 160 1065 224 335

100 324 201 400 rorat,
230 318 402 384 amisisset.
450 320 593 384 sterilem
616 319 719 387 fuisso
740 342 806 386 non
830 320 931 388 dices:
962 323 1064 407 (nec)

100 408 236 473 credidit
254 408 405 493 maritus;
429 409 576 494 amisisse
593 430 659 474 non
679 413 729 474 est
748 410 827 475 satis
847 410 966 475 dicere:
990 434 1064 495 pro-

99 496 243 562 bandum
267 501 325 561 est.
365 496 446 562 haec
470 498 671 582 exigeremus
694 499 730 562 in
753 519 860 582 causa,
882 500 1012 580 iudices,
1036 502 1064 566 si

99 586 229 668 <esset>
253 585 292 649 de
324 585 499 669 mancipio,
531 587 559 650 si
588 587 627 650 de
654 587 806 670 pecunia:
832 588 937 652 filium
964 591 1063 654 matri

99 675 223 758 eripere
242 675 369 739 conaris
389 679 422 739 et
439 678 567 760 partem
585 676 746 741 viscerum
765 676 881 741 avellis
901 680 934 740 et
948 682 1062 742 contra
1082 692 1098 742 5

98 768 263 828 maternos
303 764 447 848 gemitus
476 769 647 829 contentus
681 785 716 829 es
749 765 884 830 alterius
916 767 1061 850 parentis

99 853 317 937 neglegentia.

165 940 272 1024 „Quid
295 963 425 1025 causae,
450 941 569 1025 inquit,
596 940 725 1007 habeo?
762 964 819 1007 cur
846 942 960 1007 adsero
985 943 1062 1007 alic·

97 1030 220 1094 num?“
263 1029 307 1094 Ut
329 1031 473 1096 nondum
495 1031 629 1095 reddam
651 1033 821 1114 rationem,
844 1053 907 1114 qua
930 1031 1061 1114 litiges:

98 1119 185 1203 quod
220 1119 419 1203 proposuisti
455 1119 573 1203 dicere,
604 1120 685 1184 nihil
717 1123 775 1184 est.
827 1141 903 1184 nam
940 1121 967 1183 si
1000 1120 1061 1184 tibi
1082 1135 1115 1183 10

98 1228 196 1273 causa
227 1207 395 1273 adserendi
421 1208 562 1272 alienum
584 1209 689 1272 filium
712 1214 863 1293 nonest,
894 1229 953 1274 nec
985 1208 1061 1272 huic

98 1295 227 1380 quidem
262 1297 430 1361 retinendi.
481 1297 560 1382 quin
595 1297 695 1361 immo
729 1296 859 1362 facilius
892 1301 941 1362 est
973 1297 1061 1362 istud

97 1386 233 1468 pauperi
255 1386 384 1471 fingere.
431 1385 508 1469 quid
537 1385 621 1450 enim
642 1385 794 1467 fortunae
816 1388 892 1451 tuae
916 1387 1061 1469 interest,

98 1496 139 1538 an
158 1474 308 1539 heredem
326 1473 471 1539 habeas?
491 1474 547 1540 sed
567 1474 737 1540 reddemus
757 1478 873 1560 postea
891 1475 1061 1558 rationem,

97 1584 161 1646 qua
187 1564 305 1648 fingas:
333 1564 464 1628 interim
494 1564 745 1629 instrumentum
770 1568 918 1628 excutere
942 1585 1058 1629 causae
1080 1578 1112 1627 15

97 1655 172 1716 tuae
196 1653 280 1716 volo.

166 1740 397 1825 ‚‚Testimonio,
420 1741 537 1825 inquit,
559 1742 648 1806 nitor
666 1741 744 1820 eius,
763 1763 858 1824 quem
878 1745 913 1804 tu
933 1745 1059 1823 patrem

96 1827 207 1895 dicis.“
249 1828 404 1894 Putemus
428 1830 515 1894 istud
538 1851 609 1894 csse
627 1829 865 1894 testimonium:
898 1851 981 1892 unus
1001 1831 1060 1909 est,

96 1919 198 1983 iratus
227 1922 291 2002 est,
320 1919 454 1982 alterius
482 1918 619 1982 maritus
650 1922 708 1983 est.
753 1939 858 1981 »unus
882 1921 954 1980 est«
986 1939 1059 1981 cum

96 2006 181 2090 dico,
211 2010 400 2073 succurrant
421 2006 515 2071 vobis
539 2003 681 2072 Catones
705 2009 738 2070 et
761 2004 927 2091 Scipiones
951 2008 984 2069 et
1006 2009 1111 2070 totae

98 2097 279 2161 clarissima
320 2096 461 2161 civitatis
502 2103 634 2161 nostrae
670 2095 813 2164 nomina.
875 2117 948 2160 cum
986 2093 1058 2158 dico

95 2185 220 2250 »iratus
244 2189 327 2269 est«,
351 2187 518 2250 succurrat
543 2184 652 2269 vobis,
685 2183 840 2269 quidquid
866 2205 933 2248 non
964 2205 1057 2267 expe-

95 2276 307 2339 rimentorum
339 2276 374 2338 in
402 2273 550 2356 civitate,
578 2273 635 2339 sed
660 2273 696 2338 in
724 2272 849 2338 scaenis
872 2272 1058 2337 fabularum

96 2367 156 2447 est,
179 2385 276 2446 quam
299 2364 404 2428 multa
427 2362 542 2428 fecerit
563 2363 618 2428 hic
640 2361 794 2446 adfectus,
817 2383 914 2446 quam
936 2361 1057 2426 multos

93 2456 297 2517 transversos
326 2452 416 2517 velut
442 2455 638 2536 tempestate
661 2451 800 2536 quadam
825 2449 939 2533 egerit.
984 2471 1057 2514 cum
1076 2464 1111 2514 25

94 2542 164 2606 dico
197 2541 348 2606 »alterius
381 2541 519 2606 maritus
551 2543 636 2622 estc,
673 2540 736 2604 duo
769 2539 867 2604 simul
899 2537 986 2603 dico:
1026 2540 1059 2603 et

93 2630 194 2695 habet
221 2652 368 2714 causam,
395 2651 452 2695 cur
478 2650 596 2695 nocere
623 2629 700 2694 huic
722 2627 816 2712 velit,
844 2649 942 2711 quam
963 2649 1058 2711 repu-

95 2719 205 2802 diavit,
229 2723 261 2783 et
283 2719 384 2784 habet
407 2740 547 2802 causam,
571 2738 627 2783 cur
645 2720 812 2801 praestare
827 2715 905 2799 <se>
921 2716 951 2780 ei
969 2716 1058 2800 velit,

93 2830 190 2891 quam
218 2807 318 2872 duxit.
364 2807 454 2872 Haec
484 2807 636 2887 dicerem,
670 2805 699 2870 si
721 2805 808 2870 istud
830 2804 1056 2869 testimonium

94 2900 179 2962 esset
202 2897 304 2961 illius:
327 2896 423 2962 testis
446 2900 522 2962 tuus
546 2895 621 2980 quid
645 2894 745 2960 dicit?
768 2894 850 2959 scire
870 2916 904 2959 se
924 2893 1056 2978 aliquid.
1076 2909 1110 2958 30

95 2986 248 3070 sequitur,
271 2989 308 3050 ut
330 2986 539 3071 interrogem,
563 2984 670 3050 unde?
693 3005 732 3048 ex
754 2983 881 3049 nutrice
903 2984 971 3049 illa.
998 3005 1056 3049 nu-

166 3239 180 3285 1
200 3230 294 3305 (nec)
313 3233 368 3286 Aer
381 3231 422 3300 114
440 3229 588 3303 *<esset>;
607 3227 687 3303 (sit)
706 3229 758 3286 sa
771 3230 781 3298 ll
796 3236 829 3284 10
852 3228 924 3282 illud
942 3230 988 3282 est
999 3232 1056 3292 AB,

93 3320 162 3358 corr.
182 3304 236 3360 Sco
253 3305 263 3373 ΙΙ
283 3308 315 3358 11
335 3301 458 3357 alienum
477 3318 527 3357 om.
545 3304 638 3372 Bsslt
657 3303 842 3356 strumentum
859 3304 880 3352 B
899 3301 908 3370 ΙΙ
929 3304 962 3354 18
981 3298 1057 3353 istud

93 3380 156 3444 AB,
179 3377 242 3442 sort.
258 3374 273 3408 *
287 3375 431 3442 istius-of.
451 3391 475 3428 u.
490 3377 635 3443 29eqq.-
646 3376 741 3438 33c,1
760 3374 775 3442 ll
792 3377 827 3424 ‘20
851 3371 1072 3424 succurunt

93 3451 116 3498 A
134 3450 143 3516 ss
162 3446 282 3501 Gotones
299 3450 341 3498 Aa
353 3447 365 3514 ΙΙ
378 3449 412 3500 28
431 3443 503 3521 (ee)
520 3445 571 3502 Bo
583 3447 595 3517 l
607 3450 644 3501 ‘ze
664 3441 715 3501 di‘c
728 3448 755 3498 ὶ
