2386 3816
322 155 640 216 DECLAMATIONES.
660 159 797 216 COLXIV.
996 164 1038 231 79

69 326 198 407 tumen,
229 319 351 387 drudus
377 343 450 386 oum
481 321 646 389 heredibus
674 345 755 390 esse«
771 325 872 392 litem.
917 348 1037 412 quaero

70 411 176 495 igitur
199 409 241 476 ub
262 410 349 494 istis,
371 414 480 476 utram
498 411 633 497 eligent,
656 433 725 479 eum
744 436 809 499 qua
827 415 944 481 malint
961 437 1037 482 eon·

71 500 199 566 sistere.
244 520 350 586 neque
382 500 469 566 enim
500 501 636 587 litigent
667 502 707 567 de
738 502 898 570 bonorum
934 510 1038 590 purte,
1094 553 1096 558 -

71 589 129 655 sed
153 592 261 655 totum
284 593 427 674 arguunt
450 592 693 657 testamentum.
792 635 794 639 -

140 677 339 763 Incipiemus
361 678 464 764 igitur
486 679 528 743 ab
553 701 600 762 ee,
622 702 705 765 quue
727 681 819 765 prior
837 683 958 767 scriptu
977 687 1073 750 esto

72 766 152 853 quid
174 767 211 832 in
232 766 295 832 hue
317 772 409 847 perte
427 770 618 834 testamenti
636 771 791 835 vitiosum
809 770 881 835 est?
905 775 1037 837 vetetur

72 857 150 941 plus
174 878 274 942 quum
304 855 472 923 dimidiam
495 861 624 943 purtem
651 859 811 924 bonorum
838 859 1037 946 relinquere:

71 944 243 1011 dimidiam
274 948 401 1029 partem
432 947 621 1030 patrimonii
654 949 781 1034 accipit
838 949 1036 1015 excutiemus

71 1038 204 1120 postes,
229 1035 324 1119 quale
353 1035 398 1099 sit
424 1035 517 1121 illud,
544 1035 630 1121 quod
660 1042 868 1104 consecutum
892 1043 955 1104 est:
987 1039 1036 1104 in·

71 1123 173 1187 terim
197 1122 259 1190 hoo
286 1123 337 1189 ius
363 1123 493 1190 firmum
520 1131 585 1211 est,
612 1148 672 1192 neo
700 1127 800 1192 everti
828 1127 1036 1211 sequentibus
1057 1145 1092 1194 10

75 1214 195 1296 potest

142 1300 207 1385 „Ar
227 1301 314 1367 enim
336 1300 387 1367 ius
409 1301 469 1368 ille
491 1303 620 1387 quidem
647 1303 763 1370 habuit
785 1304 947 1390 capiendi:
980 1305 1036 1370 sed

72 1411 127 1474 ee,
157 1410 239 1474 quoe
265 1393 381 1476 postea
404 1391 528 1476 scripte
551 1396 614 1477 est,
644 1414 711 1459 non
732 1393 876 1460 hebuit“
916 1395 1036 1460 iterum

71 1479 298 1566 interrogabo:
318 1479 439 1564 quere?
461 1481 635 1566 „quonium
651 1483 727 1567 plus
754 1504 852 1568 quum
868 1482 1036 1550 dimidium

70 1571 202 1653 portem
234 1568 422 1654 petrim0nii
444 1571 627 1655 relinquere
649 1570 789 1638 feminee
811 1594 878 1639 non
900 1572 1037 1656 potuit.“
1056 1589 1090 1639 15

71 1657 177 1743 Atqui
203 1656 284 1724 haee
311 1679 439 1743 quoque
466 1682 533 1725 non
559 1660 634 1745 plus
661 1682 758 1744 quum
781 1661 916 1726 dimidie
943 1665 1036 1746 parte

70 1746 264 1832 patrimonii
287 1747 380 1812 heres
403 1746 557 1814 institute
579 1751 639 1814 est.
670 1770 730 1815 neo
751 1749 845 1816 video
868 1750 1037 1834 rationem,

71 1857 132 1902 cur
162 1835 212 1921 id,
243 1836 330 1923 quod
361 1836 410 1901 illi
442 1858 557 1922 capere
589 1837 696 1921 licuit,
728 1838 803 1903 huie
832 1860 899 1903 non
925 1838 1038 1922 liceat,

71 1947 149 2013 eum
169 1926 206 1991 in
229 1926 342 1991 eodem
365 1926 488 2011 scripte
511 1927 556 1993 sit
577 1930 785 1992 testamento.
826 1925 1037 1991 manifestum

72 2019 133 2100 est,
156 2014 241 2080 nihil
263 2035 361 2100 posse
383 2016 568 2081 calumniae
586 2012 760 2081 admittere
778 2015 879 2081 verbo
896 2015 980 2102 legis
1000 2036 1037 2080 ee
1056 2033 1091 2084 20

70 2104 137 2170 suri
160 2107 239 2170 term.

138 2126 237 2259 1ituro
265 2192 456 2277 peritissimi
478 2193 586 2258 litium
609 2193 757 2261 homines
781 2193 822 2259 ed
844 2194 1038 2278 interprete·

71 2283 201 2350 tionem
231 2303 292 2348 nos
319 2281 400 2348 iuris
428 2283 600 2349 adducunt.
647 2303 714 2349 non
741 2284 828 2348 enim
855 2283 940 2348 huno
968 2304 1038 2348 esse

72 2371 160 2458 leude
175 2371 389 2452 voluntatem,
412 2393 494 2457 quae
514 2371 621 2437 verbis
641 2372 841 2457 ostendetur,
864 2371 966 2437 videri
984 2394 1038 2437 vo-

72 2461 157 2527 lunt
203 2482 343 2547 quorum
365 2481 426 2546 ego
448 2461 663 2546 prudentium,
685 2460 817 2546 iudices,
840 2480 1038 2546 magnopere
1056 2477 1091 2526 ro

72 2550 191 2616 miror:
212 2554 341 2616 tontum
364 2550 512 2615 riserunt
533 2550 609 2615 illos
633 2550 772 2616 maiores
794 2555 940 2634 nostros,
963 2550 1037 2614 illos

73 2639 307 2706 constitutores
331 2639 422 2724 iuris,
444 2639 529 2723 illos,
553 2641 608 2724 qui
632 2639 746 2704 rudem
769 2639 935 2704 civitatem
958 2638 1038 2724 legi-

74 2730 137 2796 bue
161 2751 200 2796 ao
223 2729 293 2795 iure
315 2728 509 2812 formarunt,
530 2733 569 2792 ut
589 2727 652 2794 hoo
671 2728 852 2814 approbare
871 2733 1039 2812 conentur,

74 2818 217 2886 defuisse
232 2818 286 2884 his
301 2839 491 2901 sermonem,
512 2817 652 2882 defuisse
668 2817 847 2883 eonsilium.
873 2817 920 2882 Ao
934 2818 1038 2902 prius·

75 2929 173 2994 quum
205 2907 366 2973 rationem
399 2905 503 2992 ipsius
534 2906 616 2992 legis
645 2906 785 2991 excutio,
817 2906 947 2972 interim
976 2906 1093 2973 house

150 3125 164 3174 1
183 3119 265 3175 vobis
285 3135 349 3175 oum
367 3118 477 3190 legibus
496 3135 557 3174 esse
576 3119 594 3175 1.
614 3088 645 3188 Δ,1
663 3117 745 3174 nobie
760 3133 783 3173 e.
802 3116 821 3172 l.
840 3134 864 3173 e.
884 3117 901 3173 l.
921 3121 950 3186 Β,
970 3133 1039 3173 corr.

77 3189 174 3262 (ΗΒ
192 3190 223 3245 in
241 3205 298 3260 quo
316 3195 374 3262 ΑΒ,
393 3207 461 3247 eurr.
478 3189 532 3259 ser
545 3191 584 3259 tt
604 3207 656 3246 nee
674 3192 748 3302 {³¹¹⁷
768 3188 913 3244 dimidium
931 3192 1040 3259 partem

75 3317 214 3372 bonorum
232 3314 391 3384 relinquere
409 3331 459 3371 om.
479 3320 500 3368 Β
523 3317 533 3384 t}
554 3319 571 3370 8
590 3315 695 3384 accipit
713 3318 749 3382 A,
768 3313 859 3384 ueeipi
877 3317 912 3382 Β,
930 3313 1041 3384 ueeepit

75 3387 132 3445 see
145 3389 185 3457 [19
204 3386 296 3458 qums
314 3391 335 3440 Β
355 3389 365 3456 ΙΙ
385 3394 418 3443 10
436 3387 490 3442 hoe
508 3387 647 3441 infirmum
666 3391 689 3438 Δ
703 3386 713 3456 tl
725 3385 799 3439 verti
816 3389 836 3437 B
851 3387 865 3456 t
875 3391 910 3439 12
928 3383 1047 3454 quidem

75 3459 129 3515 ille
147 3463 204 3528 n,
223 3475 289 3514 corr.
309 3458 354 3514 Bo
365 3461 379 3528 lt
391 3463 427 3513 20
445 3459 493 3515 *uc
511 3459 612 3533 scripti
631 3463 666 3533 Δ,
685 3459 816 3533 esoriptu
829 3462 855 3513 Β
