<?xml version="1.0" encoding="UTF-8"?>
<!DOCTYPE html PUBLIC "-//W3C//DTD XHTML 1.0 Transitional//EN"
    "http://www.w3.org/TR/xhtml1/DTD/xhtml1-transitional.dtd">
<html xmlns="http://www.w3.org/1999/xhtml" xml:lang="en" lang="en">
 <head>
  <title>
</title>
<meta http-equiv="Content-Type" content="text/html;charset=utf-8" />
  <meta name='ocr-system' content='tesseract 3.04.00' />
  <meta name='ocr-capabilities' content='ocr_page ocr_carea ocr_par ocr_line ocrx_word'/>
</head>
<body>
  <div class='ocr_page' id='page_1' title='image "./mfabiiquintilia01rittgoog_0220.png"; bbox 0 0 2386 3816; ppageno 0'>
   <div class='ocr_carea' id='block_1_1' title="bbox 388 108 1075 177">
    <p class='ocr_par' dir='ltr' id='par_1_1' title="bbox 388 108 1075 177">
     <span class='ocr_line' id='line_1_1' title="bbox 388 108 1075 177; baseline 0.019 -13"><span class='ocrx_word' id='word_1_1' title='bbox 388 108 704 168; x_wconf 75' lang='lat' dir='ltr'>nncnnnnmonns.</span> <span class='ocrx_word' id='word_1_2' title='bbox 725 110 811 167; x_wconf 82' lang='grc'><strong>0001.</strong></span> <span class='ocrx_word' id='word_1_3' title='bbox 1010 112 1075 177; x_wconf 82' lang='grc'>185</span> 
     </span>
    </p>
   </div>
   <div class='ocr_carea' id='block_1_2' title="bbox 323 307 864 518">
    <p class='ocr_par' dir='ltr' id='par_1_2' title="bbox 323 307 864 518">
     <span class='ocr_line' id='line_1_2' title="bbox 541 307 654 376; baseline 0 0"><span class='ocrx_word' id='word_1_4' title='bbox 541 307 654 376; x_wconf 86' lang='grc'><strong>0001.</strong></span> 
     </span>
     <span class='ocr_line' id='line_1_3' title="bbox 323 431 864 518; baseline 0.004 -20"><span class='ocrx_word' id='word_1_5' title='bbox 323 431 439 516; x_wconf 81' lang='lat' dir='ltr'>Rapta</span> <span class='ocrx_word' id='word_1_6' title='bbox 461 451 482 499; x_wconf 88' lang='lat' dir='ltr'>a</span> <span class='ocrx_word' id='word_1_7' title='bbox 501 433 613 501; x_wconf 85' lang='lat' dir='ltr'>divite</span> <span class='ocrx_word' id='word_1_8' title='bbox 622 450 701 518; x_wconf 80' lang='lat' dir='ltr'>pro</span> <span class='ocrx_word' id='word_1_9' title='bbox 720 434 864 501; x_wconf 88' lang='lat' dir='ltr'>ancilla.</span> 
     </span>
    </p>
   </div>
   <div class='ocr_carea' id='block_1_3' title="bbox 113 556 1108 1093">
    <p class='ocr_par' dir='ltr' id='par_1_3' title="bbox 113 556 1108 1093">
     <span class='ocr_line' id='line_1_4' title="bbox 113 556 1071 640; baseline 0.003 -18"><span class='ocrx_word' id='word_1_10' title='bbox 113 556 237 640; x_wconf 82' lang='lat' dir='ltr'>Pauper</span> <span class='ocrx_word' id='word_1_11' title='bbox 261 556 394 624; x_wconf 83' lang='lat' dir='ltr'>divitem</span> <span class='ocrx_word' id='word_1_12' title='bbox 417 558 570 625; x_wconf 80' lang='lat' dir='ltr'>invitavit</span> <span class='ocrx_word' id='word_1_13' title='bbox 593 560 633 625; x_wconf 88' lang='lat' dir='ltr'>ad</span> <span class='ocrx_word' id='word_1_14' title='bbox 657 581 779 625; x_wconf 90' lang='lat' dir='ltr'>cenam.</span> <span class='ocrx_word' id='word_1_15' title='bbox 825 563 896 624; x_wconf 88' lang='lat' dir='ltr'>erat</span> <span class='ocrx_word' id='word_1_16' title='bbox 918 560 953 624; x_wconf 92' lang='lat' dir='ltr'>in</span> <span class='ocrx_word' id='word_1_17' title='bbox 976 561 1071 625; x_wconf 92' lang='lat' dir='ltr'>mini-</span> 
     </span>
     <span class='ocr_line' id='line_1_5' title="bbox 200 646 1073 733; baseline 0.003 -21"><span class='ocrx_word' id='word_1_18' title='bbox 200 646 301 713; x_wconf 90' lang='lat' dir='ltr'>sterio</span> <span class='ocrx_word' id='word_1_19' title='bbox 324 647 435 732; x_wconf 78' lang='lat' dir='ltr'>pueLla</span> <span class='ocrx_word' id='word_1_20' title='bbox 457 649 619 733; x_wconf 88' lang='lat' dir='ltr'>pauperis.</span> <span class='ocrx_word' id='word_1_21' title='bbox 665 650 883 733; x_wconf 85' lang='lat' dir='ltr'>interrogatus</span> <span class='ocrx_word' id='word_1_22' title='bbox 907 670 1030 732; x_wconf 81' lang='lat' dir='ltr'>pauper</span> <span class='ocrx_word' id='word_1_23' title='bbox 1053 672 1073 714; x_wconf 88' lang='lat' dir='ltr'>a</span> 
     </span>
     <span class='ocr_line' id='line_1_6' title="bbox 199 734 1108 820; baseline 0.007 -21"><span class='ocrx_word' id='word_1_24' title='bbox 199 734 309 815; x_wconf 85' lang='lat' dir='ltr'>divite,</span> <span class='ocrx_word' id='word_1_25' title='bbox 328 758 487 820; x_wconf 82' lang='lat' dir='ltr'>quaenam</span> <span class='ocrx_word' id='word_1_26' title='bbox 507 741 600 818; x_wconf 86' lang='lat' dir='ltr'>esset,</span> <span class='ocrx_word' id='word_1_27' title='bbox 621 737 703 803; x_wconf 88' lang='lat' dir='ltr'>dixit</span> <span class='ocrx_word' id='word_1_28' title='bbox 721 737 881 803; x_wconf 88' lang='lat' dir='ltr'>ancillam.</span> <span class='ocrx_word' id='word_1_29' title='bbox 905 737 1070 803; x_wconf 75' lang='lat' dir='ltr'><strong>discedens</strong></span> <span class='ocrx_word' id='word_1_30' title='bbox 1091 757 1108 805; x_wconf 83' lang='lat'><strong>5</strong></span> 
     </span>
     <span class='ocr_line' id='line_1_7' title="bbox 199 826 1072 912; baseline 0.002 -23"><span class='ocrx_word' id='word_1_31' title='bbox 199 846 322 890; x_wconf 89' lang='lat' dir='ltr'>aeena</span> <span class='ocrx_word' id='word_1_32' title='bbox 346 826 435 891; x_wconf 83' lang='lat' dir='ltr'>dives</span> <span class='ocrx_word' id='word_1_33' title='bbox 459 848 531 891; x_wconf 89' lang='lat' dir='ltr'>eam</span> <span class='ocrx_word' id='word_1_34' title='bbox 554 827 674 912; x_wconf 80' lang='lat' dir='ltr'>rapuit.</span> <span class='ocrx_word' id='word_1_35' title='bbox 705 827 819 891; x_wconf 88' lang='lat' dir='ltr'>educta</span> <span class='ocrx_word' id='word_1_36' title='bbox 843 827 882 891; x_wconf 90' lang='lat' dir='ltr'>ad</span> <span class='ocrx_word' id='word_1_37' title='bbox 900 826 1072 912; x_wconf 83' lang='lat' dir='ltr'>magistre·</span> 
     </span>
     <span class='ocr_line' id='line_1_8' title="bbox 198 915 1072 1001; baseline 0.001 -23"><span class='ocrx_word' id='word_1_38' title='bbox 198 917 252 978; x_wconf 85' lang='lat' dir='ltr'>tus</span> <span class='ocrx_word' id='word_1_39' title='bbox 280 916 388 998; x_wconf 91' lang='lat' dir='ltr'>puella</span> <span class='ocrx_word' id='word_1_40' title='bbox 417 937 456 980; x_wconf 83' lang='lat' dir='ltr'>ex</span> <span class='ocrx_word' id='word_1_41' title='bbox 484 916 556 1001; x_wconf 80' lang='lat' dir='ltr'>lege</span> <span class='ocrx_word' id='word_1_42' title='bbox 585 920 752 1000; x_wconf 89' lang='lat' dir='ltr'>raptarum</span> <span class='ocrx_word' id='word_1_43' title='bbox 781 915 912 1000; x_wconf 78' lang='lat' dir='ltr'>nuptias</span> <span class='ocrx_word' id='word_1_44' title='bbox 937 915 1072 999; x_wconf 85' lang='lat' dir='ltr'>optavit.</span> 
     </span>
     <span class='ocr_line' id='line_1_9' title="bbox 200 1002 983 1093; baseline 0.001 -26"><span class='ocrx_word' id='word_1_45' title='bbox 200 1002 289 1068; x_wconf 82' lang='lat' dir='ltr'>dives</span> <span class='ocrx_word' id='word_1_46' title='bbox 314 1007 444 1070; x_wconf 88' lang='lat' dir='ltr'>accusat</span> <span class='ocrx_word' id='word_1_47' title='bbox 467 1026 642 1089; x_wconf 78' lang='lat' dir='ltr'>pauperem</span> <span class='ocrx_word' id='word_1_48' title='bbox 666 1004 983 1093; x_wconf 87' lang='lat' dir='ltr'>circumscriptionis.</span> 
     </span>
    </p>
   </div>
   <div class='ocr_carea' id='block_1_4' title="bbox 507 1180 681 1248">
    <p class='ocr_par' dir='ltr' id='par_1_4' title="bbox 507 1180 681 1248">
     <span class='ocr_line' id='line_1_10' title="bbox 507 1180 681 1248; baseline 0 0"><span class='ocrx_word' id='word_1_49' title='bbox 507 1180 681 1248; x_wconf 82' lang='lat' dir='ltr'><strong>SERMO.</strong></span> 
     </span>
    </p>
   </div>
   <div class='ocr_carea' id='block_1_5' title="bbox 109 1304 1125 1660">
    <p class='ocr_par' dir='ltr' id='par_1_5' title="bbox 109 1304 1125 1660">
     <span class='ocr_line' id='line_1_11' title="bbox 175 1304 1125 1394; baseline 0 -21"><span class='ocrx_word' id='word_1_50' title='bbox 175 1304 289 1373; x_wconf 81' lang='lat' dir='ltr'>Etiam</span> <span class='ocrx_word' id='word_1_51' title='bbox 313 1306 340 1372; x_wconf 91' lang='lat' dir='ltr'>si</span> <span class='ocrx_word' id='word_1_52' title='bbox 363 1329 437 1372; x_wconf 89' lang='lat' dir='ltr'>reus</span> <span class='ocrx_word' id='word_1_53' title='bbox 461 1311 511 1373; x_wconf 90' lang='lat' dir='ltr'>est</span> <span class='ocrx_word' id='word_1_54' title='bbox 532 1307 586 1372; x_wconf 93' lang='lat' dir='ltr'>hic</span> <span class='ocrx_word' id='word_1_55' title='bbox 608 1328 743 1394; x_wconf 86' lang='lat' dir='ltr'>pauper,</span> <span class='ocrx_word' id='word_1_56' title='bbox 766 1312 965 1372; x_wconf 86' lang='lat' dir='ltr'>nontamen</span> <span class='ocrx_word' id='word_1_57' title='bbox 988 1307 1070 1372; x_wconf 91' lang='lat' dir='ltr'>mihi</span> <span class='ocrx_word' id='word_1_58' title='bbox 1090 1325 1125 1373; x_wconf 85' lang='lat'>10</span> 
     </span>
     <span class='ocr_line' id='line_1_12' title="bbox 109 1395 1070 1482; baseline -0.002 -20"><span class='ocrx_word' id='word_1_59' title='bbox 109 1395 239 1462; x_wconf 84' lang='lat' dir='ltr'>ridetur</span> <span class='ocrx_word' id='word_1_60' title='bbox 262 1418 375 1482; x_wconf 86' lang='lat' dir='ltr'>aspere</span> <span class='ocrx_word' id='word_1_61' title='bbox 400 1401 432 1461; x_wconf 93' lang='lat' dir='ltr'>et</span> <span class='ocrx_word' id='word_1_62' title='bbox 455 1398 614 1463; x_wconf 85' lang='lat' dir='ltr'>concitate</span> <span class='ocrx_word' id='word_1_63' title='bbox 638 1401 753 1462; x_wconf 88' lang='lat' dir='ltr'>contra</span> <span class='ocrx_word' id='word_1_64' title='bbox 776 1396 907 1462; x_wconf 87' lang='lat' dir='ltr'>divitem</span> <span class='ocrx_word' id='word_1_65' title='bbox 927 1399 1070 1462; x_wconf 89' lang='lat' dir='ltr'>acturus:</span> 
     </span>
     <span class='ocr_line' id='line_1_13' title="bbox 111 1485 1114 1572; baseline -0.001 -21"><span class='ocrx_word' id='word_1_66' title='bbox 111 1507 178 1551; x_wconf 93' lang='lat' dir='ltr'>non</span> <span class='ocrx_word' id='word_1_67' title='bbox 201 1489 329 1552; x_wconf 88' lang='lat' dir='ltr'>tantum</span> <span class='ocrx_word' id='word_1_68' title='bbox 353 1488 521 1551; x_wconf 87' lang='lat' dir='ltr'>accusator</span> <span class='ocrx_word' id='word_1_69' title='bbox 545 1486 633 1551; x_wconf 86' lang='lat' dir='ltr'>dives</span> <span class='ocrx_word' id='word_1_70' title='bbox 657 1485 721 1566; x_wconf 90' lang='lat' dir='ltr'>illi,</span> <span class='ocrx_word' id='word_1_71' title='bbox 750 1485 806 1551; x_wconf 93' lang='lat' dir='ltr'>sed</span> <span class='ocrx_word' id='word_1_72' title='bbox 829 1507 929 1572; x_wconf 83' lang='lat' dir='ltr'>gener</span> <span class='ocrx_word' id='word_1_73' title='bbox 953 1487 1016 1569; x_wconf 85' lang='lat' dir='ltr'>est,</span> <span class='ocrx_word' id='word_1_74' title='bbox 1039 1489 1073 1550; x_wconf 88' lang='lat' dir='ltr'>ct</span> <span class='ocrx_word' id='word_1_75' title='bbox 1111 1559 1114 1564; x_wconf 17' lang='lat' dir='ltr'><em>r</em></span> 
     </span>
     <span class='ocr_line' id='line_1_14' title="bbox 109 1574 1009 1660; baseline -0.002 -20"><span class='ocrx_word' id='word_1_76' title='bbox 109 1596 170 1641; x_wconf 86' lang='lat' dir='ltr'>nos</span> <span class='ocrx_word' id='word_1_77' title='bbox 193 1597 260 1641; x_wconf 89' lang='lat' dir='ltr'>non</span> <span class='ocrx_word' id='word_1_78' title='bbox 284 1597 394 1641; x_wconf 89' lang='lat' dir='ltr'>sumus</span> <span class='ocrx_word' id='word_1_79' title='bbox 417 1574 575 1641; x_wconf 81' lang='lat' dir='ltr'>iracundi:</span> <span class='ocrx_word' id='word_1_80' title='bbox 598 1578 695 1658; x_wconf 89' lang='lat' dir='ltr'>rapta</span> <span class='ocrx_word' id='word_1_81' title='bbox 717 1574 849 1660; x_wconf 87' lang='lat' dir='ltr'>nuptias</span> <span class='ocrx_word' id='word_1_82' title='bbox 874 1575 1009 1658; x_wconf 87' lang='lat' dir='ltr'>optavit.</span> 
     </span>
    </p>
   </div>
   <div class='ocr_carea' id='block_1_6' title="bbox 417 1749 765 1849">
    <p class='ocr_par' dir='ltr' id='par_1_6' title="bbox 417 1749 765 1849">
     <span class='ocr_line' id='line_1_15' title="bbox 417 1749 765 1849; baseline -0.006 -31"><span class='ocrx_word' id='word_1_83' title='bbox 417 1749 765 1849; x_wconf 81' lang='lat' dir='ltr'>nnonnnnnm.</span> 
     </span>
    </p>
   </div>
   <div class='ocr_carea' id='block_1_7' title="bbox 105 1873 1127 3031">
    <p class='ocr_par' dir='ltr' id='par_1_7' title="bbox 109 1873 1127 2299">
     <span class='ocr_line' id='line_1_16' title="bbox 178 1873 1127 1958; baseline -0.001 -17"><span class='ocrx_word' id='word_1_84' title='bbox 178 1874 214 1941; x_wconf 84' lang='lat' dir='ltr'>si</span> <span class='ocrx_word' id='word_1_85' title='bbox 241 1876 307 1941; x_wconf 91' lang='lat' dir='ltr'>alio</span> <span class='ocrx_word' id='word_1_86' title='bbox 335 1881 508 1943; x_wconf 74' lang='lat' dir='ltr'>accusante</span> <span class='ocrx_word' id='word_1_87' title='bbox 536 1875 675 1941; x_wconf 87' lang='lat' dir='ltr'>dicerem</span> <span class='ocrx_word' id='word_1_88' title='bbox 698 1896 843 1958; x_wconf 88' lang='lat' dir='ltr'>causam,</span> <span class='ocrx_word' id='word_1_89' title='bbox 877 1873 1017 1939; x_wconf 85' lang='lat' dir='ltr'>sciebam</span> <span class='ocrx_word' id='word_1_90' title='bbox 1041 1878 1074 1940; x_wconf 92' lang='lat' dir='ltr'>et</span> <span class='ocrx_word' id='word_1_91' title='bbox 1092 1889 1127 1940; x_wconf 81' lang='lat'>15</span> 
     </span>
     <span class='ocr_line' id='line_1_17' title="bbox 109 1963 1073 2050; baseline -0.002 -20"><span class='ocrx_word' id='word_1_92' title='bbox 109 1969 263 2050; x_wconf 88' lang='lat' dir='ltr'>expertus</span> <span class='ocrx_word' id='word_1_93' title='bbox 291 1965 437 2048; x_wconf 86' lang='lat' dir='ltr'>proxime</span> <span class='ocrx_word' id='word_1_94' title='bbox 466 1987 569 2048; x_wconf 84' lang='lat' dir='ltr'>eram,</span> <span class='ocrx_word' id='word_1_95' title='bbox 597 1985 667 2029; x_wconf 88' lang='lat' dir='ltr'>esse</span> <span class='ocrx_word' id='word_1_96' title='bbox 694 1963 790 2030; x_wconf 90' lang='lat' dir='ltr'>nobis</span> <span class='ocrx_word' id='word_1_97' title='bbox 814 1985 950 2048; x_wconf 90' lang='lat' dir='ltr'>aequam</span> <span class='ocrx_word' id='word_1_98' title='bbox 974 1964 1073 2028; x_wconf 90' lang='lat' dir='ltr'>etiam</span> 
     </span>
     <span class='ocr_line' id='line_1_18' title="bbox 110 2053 1073 2138; baseline -0.001 -18"><span class='ocrx_word' id='word_1_99' title='bbox 110 2054 267 2120; x_wconf 85' lang='lat' dir='ltr'>adversus</span> <span class='ocrx_word' id='word_1_100' title='bbox 302 2054 419 2120; x_wconf 83' lang='lat' dir='ltr'>divites</span> <span class='ocrx_word' id='word_1_101' title='bbox 455 2053 650 2119; x_wconf 85' lang='lat' dir='ltr'>libertatem.</span> <span class='ocrx_word' id='word_1_102' title='bbox 697 2053 753 2119; x_wconf 89' lang='lat' dir='ltr'>sed</span> <span class='ocrx_word' id='word_1_103' title='bbox 780 2075 846 2137; x_wconf 87' lang='lat' dir='ltr'>me,</span> <span class='ocrx_word' id='word_1_104' title='bbox 877 2075 1073 2138; x_wconf 88' lang='lat' dir='ltr'>quamquam</span> 
     </span>
     <span class='ocr_line' id='line_1_19' title="bbox 110 2143 1072 2228; baseline -0.001 -19"><span class='ocrx_word' id='word_1_105' title='bbox 110 2143 338 2228; x_wconf 80' lang='lat' dir='ltr'>indignissime</span> <span class='ocrx_word' id='word_1_106' title='bbox 360 2148 469 2228; x_wconf 90' lang='lat' dir='ltr'>petar,</span> <span class='ocrx_word' id='word_1_107' title='bbox 496 2165 562 2209; x_wconf 92' lang='lat' dir='ltr'>non</span> <span class='ocrx_word' id='word_1_108' title='bbox 585 2146 654 2208; x_wconf 90' lang='lat' dir='ltr'>tam</span> <span class='ocrx_word' id='word_1_109' title='bbox 678 2143 744 2227; x_wconf 84' lang='lat' dir='ltr'>lex,</span> <span class='ocrx_word' id='word_1_110' title='bbox 772 2164 869 2227; x_wconf 90' lang='lat' dir='ltr'>quam</span> <span class='ocrx_word' id='word_1_111' title='bbox 892 2143 976 2208; x_wconf 87' lang='lat' dir='ltr'>ratio</span> <span class='ocrx_word' id='word_1_112' title='bbox 999 2165 1072 2227; x_wconf 90' lang='lat' dir='ltr'>pro·</span> 
     </span>
     <span class='ocr_line' id='line_1_20' title="bbox 110 2233 432 2299; baseline 0.003 -2"><span class='ocrx_word' id='word_1_113' title='bbox 110 2233 204 2299; x_wconf 89' lang='lat' dir='ltr'>hibet</span> <span class='ocrx_word' id='word_1_114' title='bbox 227 2255 247 2297; x_wconf 90' lang='lat' dir='ltr'>a</span> <span class='ocrx_word' id='word_1_115' title='bbox 270 2233 432 2299; x_wconf 88' lang='lat' dir='ltr'>conviciis.</span> 
     </span>
    </p>

    <p class='ocr_par' dir='ltr' id='par_1_8' title="bbox 105 2321 1127 3031">
     <span class='ocr_line' id='line_1_21' title="bbox 177 2321 1127 2408; baseline -0.003 -22"><span class='ocrx_word' id='word_1_116' title='bbox 177 2321 252 2408; x_wconf 79' lang='lat' dir='ltr'>Ego</span> <span class='ocrx_word' id='word_1_117' title='bbox 279 2321 366 2388; x_wconf 89' lang='lat' dir='ltr'>hunc</span> <span class='ocrx_word' id='word_1_118' title='bbox 390 2322 530 2388; x_wconf 89' lang='lat' dir='ltr'>amicum</span> <span class='ocrx_word' id='word_1_119' title='bbox 553 2343 681 2406; x_wconf 88' lang='lat' dir='ltr'>semper</span> <span class='ocrx_word' id='word_1_120' title='bbox 705 2321 828 2406; x_wconf 83' lang='lat' dir='ltr'>optavi,</span> <span class='ocrx_word' id='word_1_121' title='bbox 861 2321 960 2385; x_wconf 88' lang='lat' dir='ltr'>etiam</span> <span class='ocrx_word' id='word_1_122' title='bbox 984 2324 1072 2384; x_wconf 84' lang='lat' dir='ltr'>ante·</span> <span class='ocrx_word' id='word_1_123' title='bbox 1091 2334 1127 2384; x_wconf 80' lang='lat'>20</span> 
     </span>
     <span class='ocr_line' id='line_1_22' title="bbox 110 2409 1073 2497; baseline -0.002 -22"><span class='ocrx_word' id='word_1_124' title='bbox 110 2432 209 2495; x_wconf 88' lang='lat' dir='ltr'>quam</span> <span class='ocrx_word' id='word_1_125' title='bbox 233 2432 337 2475; x_wconf 90' lang='lat' dir='ltr'>essem</span> <span class='ocrx_word' id='word_1_126' title='bbox 362 2432 461 2497; x_wconf 85' lang='lat' dir='ltr'>socer,</span> <span class='ocrx_word' id='word_1_127' title='bbox 484 2415 518 2476; x_wconf 90' lang='lat' dir='ltr'>et</span> <span class='ocrx_word' id='word_1_128' title='bbox 540 2410 628 2478; x_wconf 88' lang='lat' dir='ltr'>colui</span> <span class='ocrx_word' id='word_1_129' title='bbox 651 2415 684 2476; x_wconf 89' lang='lat' dir='ltr'>et</span> <span class='ocrx_word' id='word_1_130' title='bbox 706 2409 829 2495; x_wconf 88' lang='lat' dir='ltr'>aliquid</span> <span class='ocrx_word' id='word_1_131' title='bbox 853 2409 952 2475; x_wconf 87' lang='lat' dir='ltr'>etiam</span> <span class='ocrx_word' id='word_1_132' title='bbox 976 2429 1073 2491; x_wconf 90' lang='lat' dir='ltr'>supra</span> 
     </span>
     <span class='ocr_line' id='line_1_23' title="bbox 109 2498 1072 2583; baseline -0.005 -18"><span class='ocrx_word' id='word_1_133' title='bbox 109 2501 197 2565; x_wconf 84' lang='lat' dir='ltr'>vires</span> <span class='ocrx_word' id='word_1_134' title='bbox 225 2499 433 2565; x_wconf 75' lang='lat' dir='ltr'>facultatium</span> <span class='ocrx_word' id='word_1_135' title='bbox 461 2522 606 2566; x_wconf 88' lang='lat' dir='ltr'>mearum</span> <span class='ocrx_word' id='word_1_136' title='bbox 633 2499 669 2564; x_wconf 91' lang='lat' dir='ltr'>in</span> <span class='ocrx_word' id='word_1_137' title='bbox 696 2498 885 2583; x_wconf 89' lang='lat' dir='ltr'>excipiendo</span> <span class='ocrx_word' id='word_1_138' title='bbox 913 2519 951 2563; x_wconf 89' lang='lat' dir='ltr'>eo</span> <span class='ocrx_word' id='word_1_139' title='bbox 975 2518 1072 2562; x_wconf 89' lang='lat' dir='ltr'>ausus</span> 
     </span>
     <span class='ocr_line' id='line_1_24' title="bbox 111 2586 1074 2672; baseline -0.005 -18"><span class='ocrx_word' id='word_1_140' title='bbox 111 2611 193 2654; x_wconf 88' lang='lat' dir='ltr'>sum.</span> <span class='ocrx_word' id='word_1_141' title='bbox 231 2591 329 2672; x_wconf 89' lang='lat' dir='ltr'>atque</span> <span class='ocrx_word' id='word_1_142' title='bbox 352 2588 385 2653; x_wconf 93' lang='lat' dir='ltr'>id</span> <span class='ocrx_word' id='word_1_143' title='bbox 409 2610 460 2654; x_wconf 91' lang='lat' dir='ltr'>me</span> <span class='ocrx_word' id='word_1_144' title='bbox 482 2589 599 2655; x_wconf 87' lang='lat' dir='ltr'>fecisse</span> <span class='ocrx_word' id='word_1_145' title='bbox 622 2592 698 2654; x_wconf 85' lang='lat' dir='ltr'>ante</span> <span class='ocrx_word' id='word_1_146' title='bbox 717 2587 826 2654; x_wconf 85' lang='lat' dir='ltr'>omnia</span> <span class='ocrx_word' id='word_1_147' title='bbox 848 2586 1014 2667; x_wconf 81' lang='lat' dir='ltr'>confiteor,</span> <span class='ocrx_word' id='word_1_148' title='bbox 1038 2587 1074 2650; x_wconf 88' lang='lat' dir='ltr'>ut</span> 
     </span>
     <span class='ocr_line' id='line_1_25' title="bbox 105 2675 1073 2762; baseline -0.005 -19"><span class='ocrx_word' id='word_1_149' title='bbox 105 2683 279 2762; x_wconf 62' lang='lat' dir='ltr'>pomonam</span> <span class='ocrx_word' id='word_1_150' title='bbox 306 2676 443 2744; x_wconf 89' lang='lat' dir='ltr'>haberet</span> <span class='ocrx_word' id='word_1_151' title='bbox 470 2678 538 2742; x_wconf 89' lang='lat' dir='ltr'>filia</span> <span class='ocrx_word' id='word_1_152' title='bbox 568 2699 649 2743; x_wconf 85' lang='lat' dir='ltr'>mea.</span> <span class='ocrx_word' id='word_1_153' title='bbox 685 2699 770 2743; x_wconf 88' lang='lat' dir='ltr'>nunc</span> <span class='ocrx_word' id='word_1_154' title='bbox 793 2698 870 2743; x_wconf 83' lang='lat' dir='ltr'>vero</span> <span class='ocrx_word' id='word_1_155' title='bbox 895 2698 967 2741; x_wconf 91' lang='lat' dir='ltr'>eum</span> <span class='ocrx_word' id='word_1_156' title='bbox 991 2675 1073 2739; x_wconf 92' lang='lat' dir='ltr'>mihi</span> 
     </span>
     <span class='ocr_line' id='line_1_26' title="bbox 111 2764 1126 2852; baseline -0.005 -20"><span class='ocrx_word' id='word_1_157' title='bbox 111 2767 246 2833; x_wconf 87' lang='lat' dir='ltr'>fortuna</span> <span class='ocrx_word' id='word_1_158' title='bbox 273 2767 347 2851; x_wconf 87' lang='lat' dir='ltr'>ipsa</span> <span class='ocrx_word' id='word_1_159' title='bbox 370 2787 523 2852; x_wconf 81' lang='lat' dir='ltr'>generum</span> <span class='ocrx_word' id='word_1_160' title='bbox 546 2766 658 2851; x_wconf 87' lang='lat' dir='ltr'>dedit,·</span> <span class='ocrx_word' id='word_1_161' title='bbox 678 2788 773 2851; x_wconf 89' lang='lat' dir='ltr'>quem</span> <span class='ocrx_word' id='word_1_162' title='bbox 796 2766 937 2831; x_wconf 87' lang='lat' dir='ltr'>maxime</span> <span class='ocrx_word' id='word_1_163' title='bbox 960 2764 1072 2850; x_wconf 82' lang='lat' dir='ltr'>dilige·</span> <span class='ocrx_word' id='word_1_164' title='bbox 1091 2777 1126 2828; x_wconf 78' lang='lat'>25</span> 
     </span>
     <span class='ocr_line' id='line_1_27' title="bbox 109 2854 1073 2941; baseline -0.005 -19"><span class='ocrx_word' id='word_1_165' title='bbox 109 2857 196 2922; x_wconf 89' lang='lat' dir='ltr'>bam.</span> <span class='ocrx_word' id='word_1_166' title='bbox 233 2860 304 2921; x_wconf 88' lang='lat' dir='ltr'>tota</span> <span class='ocrx_word' id='word_1_167' title='bbox 333 2856 443 2941; x_wconf 89' lang='lat' dir='ltr'>itaque</span> <span class='ocrx_word' id='word_1_168' title='bbox 470 2854 565 2939; x_wconf 88' lang='lat' dir='ltr'>haec,</span> <span class='ocrx_word' id='word_1_169' title='bbox 593 2877 675 2941; x_wconf 89' lang='lat' dir='ltr'>quae</span> <span class='ocrx_word' id='word_1_170' title='bbox 702 2877 762 2940; x_wconf 90' lang='lat' dir='ltr'>pro</span> <span class='ocrx_word' id='word_1_171' title='bbox 790 2855 977 2921; x_wconf 89' lang='lat' dir='ltr'>innocentia</span> <span class='ocrx_word' id='word_1_172' title='bbox 1000 2875 1073 2918; x_wconf 89' lang='lat' dir='ltr'>mea</span> 
     </span>
     <span class='ocr_line' id='line_1_28' title="bbox 111 2943 1073 3031; baseline -0.005 -20"><span class='ocrx_word' id='word_1_173' title='bbox 111 2945 329 3031; x_wconf 84' lang='lat' dir='ltr'>adhibebitur,</span> <span class='ocrx_word' id='word_1_174' title='bbox 347 2967 412 3011; x_wconf 90' lang='lat' dir='ltr'>non</span> <span class='ocrx_word' id='word_1_175' title='bbox 431 2947 499 3009; x_wconf 88' lang='lat' dir='ltr'>tam</span> <span class='ocrx_word' id='word_1_176' title='bbox 519 2944 661 3010; x_wconf 76' lang='lat' dir='ltr'>defensio</span> <span class='ocrx_word' id='word_1_177' title='bbox 681 2945 751 3029; x_wconf 86' lang='lat' dir='ltr'>erit,</span> <span class='ocrx_word' id='word_1_178' title='bbox 770 2966 866 3030; x_wconf 91' lang='lat' dir='ltr'>quam</span> <span class='ocrx_word' id='word_1_179' title='bbox 882 2943 1073 3009; x_wconf 87' lang='lat' dir='ltr'>satisfactio.</span> 
     </span>
    </p>
   </div>
   <div class='ocr_carea' id='block_1_8' title="bbox 110 3116 1080 3473">
    <p class='ocr_par' dir='ltr' id='par_1_9' title="bbox 110 3116 1080 3473">
     <span class='ocr_line' id='line_1_29' title="bbox 185 3116 1075 3190; baseline -0.004 -16"><span class='ocrx_word' id='word_1_180' title='bbox 185 3127 216 3174; x_wconf 89' lang='lat'>11</span> <span class='ocrx_word' id='word_1_181' title='bbox 237 3136 338 3190; x_wconf 82' lang='lat' dir='ltr'>aspere</span> <span class='ocrx_word' id='word_1_182' title='bbox 357 3125 380 3173; x_wconf 78' lang='grc' dir='ltr'><strong>Δ</strong></span> <span class='ocrx_word' id='word_1_183' title='bbox 398 3121 407 3189; x_wconf 97' lang='grc'>11</span> <span class='ocrx_word' id='word_1_184' title='bbox 425 3119 593 3175; x_wconf 67' lang='lat' dir='ltr'>concita</span> <span class='ocrx_word' id='word_1_185' title='bbox 605 3120 614 3189; x_wconf 97' lang='grc'>11</span> <span class='ocrx_word' id='word_1_186' title='bbox 632 3120 759 3175; x_wconf 85' lang='lat' dir='ltr'>contrata</span> <span class='ocrx_word' id='word_1_187' title='bbox 777 3121 870 3188; x_wconf 80' lang='grc' dir='ltr'>Δ1113</span> <span class='ocrx_word' id='word_1_188' title='bbox 889 3117 954 3189; x_wconf 86' lang='lat' dir='ltr'>nos]</span> <span class='ocrx_word' id='word_1_189' title='bbox 972 3116 1075 3172; x_wconf 85' lang='lat' dir='ltr'>nostrie</span> 
     </span>
     <span class='ocr_line' id='line_1_30' title="bbox 110 3187 1074 3262; baseline -0.007 -15"><span class='ocrx_word' id='word_1_190' title='bbox 110 3191 155 3247; x_wconf 82' lang='lat' dir='ltr'>no</span> <span class='ocrx_word' id='word_1_191' title='bbox 169 3192 178 3262; x_wconf 93' lang='grc'>11</span> <span class='ocrx_word' id='word_1_192' title='bbox 192 3210 247 3247; x_wconf 91' lang='lat' dir='ltr'>non</span> <span class='ocrx_word' id='word_1_193' title='bbox 262 3208 312 3246; x_wconf 83' lang='lat' dir='ltr'>om.</span> <span class='ocrx_word' id='word_1_194' title='bbox 326 3194 367 3244; x_wconf 77' lang='lat' dir='ltr'>Aa</span> <span class='ocrx_word' id='word_1_195' title='bbox 379 3193 389 3261; x_wconf 94' lang='grc'>1</span> <span class='ocrx_word' id='word_1_196' title='bbox 403 3190 514 3246; x_wconf 84' lang='lat' dir='ltr'>abtarit</span> <span class='ocrx_word' id='word_1_197' title='bbox 527 3196 575 3260; x_wconf 75' lang='lat' dir='ltr'>Aa,</span> <span class='ocrx_word' id='word_1_198' title='bbox 595 3191 705 3248; x_wconf 78' lang='lat' dir='ltr'>obterit</span> <span class='ocrx_word' id='word_1_199' title='bbox 718 3195 757 3243; x_wconf 75' lang='lat' dir='ltr'>ab</span> <span class='ocrx_word' id='word_1_200' title='bbox 772 3192 781 3261; x_wconf 96' lang='grc'>11</span> <span class='ocrx_word' id='word_1_201' title='bbox 796 3196 830 3244; x_wconf 85' lang='grc'>14</span> <span class='ocrx_word' id='word_1_202' title='bbox 844 3188 996 3245; x_wconf 82' lang='lat' dir='ltr'>*Narratio</span> <span class='ocrx_word' id='word_1_203' title='bbox 1006 3191 1054 3241; x_wconf 73' lang='lat' dir='ltr'>AB</span> <span class='ocrx_word' id='word_1_204' title='bbox 1065 3187 1074 3259; x_wconf 93' lang='grc'>11</span> 
     </span>
     <span class='ocr_line' id='line_1_31' title="bbox 112 3259 1074 3333; baseline -0.006 -15"><span class='ocrx_word' id='word_1_205' title='bbox 112 3269 146 3319; x_wconf 76' lang='grc'>16</span> <span class='ocrx_word' id='word_1_206' title='bbox 166 3266 206 3319; x_wconf 91' lang='lat' dir='ltr'>sic</span> <span class='ocrx_word' id='word_1_207' title='bbox 224 3265 267 3333; x_wconf 70' lang='lat' dir='ltr'>Pp</span> <span class='ocrx_word' id='word_1_208' title='bbox 282 3268 315 3316; x_wconf 86' lang='grc'>16</span> <span class='ocrx_word' id='word_1_209' title='bbox 335 3264 410 3318; x_wconf 83' lang='lat' dir='ltr'>esset</span> <span class='ocrx_word' id='word_1_210' title='bbox 426 3264 519 3331; x_wconf 76' lang='grc' dir='ltr'>Δ117</span> <span class='ocrx_word' id='word_1_211' title='bbox 540 3260 656 3316; x_wconf 85' lang='lat' dir='ltr'>divitem</span> <span class='ocrx_word' id='word_1_212' title='bbox 669 3265 711 3315; x_wconf 76' lang='lat' dir='ltr'>Aa</span> <span class='ocrx_word' id='word_1_213' title='bbox 724 3263 734 3330; x_wconf 91' lang='grc'>11</span> <span class='ocrx_word' id='word_1_214' title='bbox 748 3267 781 3316; x_wconf 78' lang='lat'>21</span> <span class='ocrx_word' id='word_1_215' title='bbox 796 3277 855 3316; x_wconf 87' lang='lat' dir='ltr'>esse</span> <span class='ocrx_word' id='word_1_216' title='bbox 869 3265 892 3313; x_wconf 77' lang='grc' dir='ltr'><strong>Δ</strong></span> <span class='ocrx_word' id='word_1_217' title='bbox 906 3262 915 3330; x_wconf 98' lang='grc'>11</span> <span class='ocrx_word' id='word_1_218' title='bbox 929 3259 1005 3314; x_wconf 91' lang='lat' dir='ltr'>colui</span> <span class='ocrx_word' id='word_1_219' title='bbox 1023 3259 1074 3313; x_wconf 88' lang='lat' dir='ltr'>ali-</span> 
     </span>
     <span class='ocr_line' id='line_1_32' title="bbox 112 3330 1080 3405; baseline -0.009 -15"><span class='ocrx_word' id='word_1_220' title='bbox 112 3335 180 3405; x_wconf 90' lang='lat' dir='ltr'>quid</span> <span class='ocrx_word' id='word_1_221' title='bbox 198 3338 221 3388; x_wconf 77' lang='lat' dir='ltr'>A</span> <span class='ocrx_word' id='word_1_222' title='bbox 244 3337 253 3405; x_wconf 94' lang='grc'>11</span> <span class='ocrx_word' id='word_1_223' title='bbox 276 3349 376 3404; x_wconf 84' lang='lat' dir='ltr'>supera</span> <span class='ocrx_word' id='word_1_224' title='bbox 398 3338 439 3387; x_wconf 77' lang='lat' dir='ltr'>Aa</span> <span class='ocrx_word' id='word_1_225' title='bbox 461 3336 470 3404; x_wconf 88' lang='grc'>11</span> <span class='ocrx_word' id='word_1_226' title='bbox 492 3339 526 3388; x_wconf 74' lang='lat'>22</span> <span class='ocrx_word' id='word_1_227' title='bbox 545 3332 713 3388; x_wconf 76' lang='lat' dir='ltr'>facultatum</span> <span class='ocrx_word' id='word_1_228' title='bbox 731 3336 752 3385; x_wconf 75' lang='lat' dir='ltr'>B</span> <span class='ocrx_word' id='word_1_229' title='bbox 775 3335 786 3403; x_wconf 93' lang='grc'>1</span> <span class='ocrx_word' id='word_1_230' title='bbox 807 3337 842 3387; x_wconf 79' lang='grc'>24</span> <span class='ocrx_word' id='word_1_231' title='bbox 860 3330 1001 3403; x_wconf 84' lang='lat' dir='ltr'>potiorem</span> <span class='ocrx_word' id='word_1_232' title='bbox 1017 3333 1080 3396; x_wconf 59' lang='grc' dir='ltr'>ΔΕ,</span> 
     </span>
     <span class='ocr_line' id='line_1_33' title="bbox 110 3404 469 3473; baseline -0.006 -13"><span class='ocrx_word' id='word_1_233' title='bbox 110 3423 177 3462; x_wconf 75' lang='lat' dir='ltr'>corr:</span> <span class='ocrx_word' id='word_1_234' title='bbox 199 3407 312 3473; x_wconf 73' lang='grc' dir='ltr'>θν1127</span> <span class='ocrx_word' id='word_1_235' title='bbox 328 3404 435 3459; x_wconf 78' lang='lat' dir='ltr'>satisf</span> <span class='ocrx_word' id='word_1_236' title='bbox 446 3410 469 3459; x_wconf 73' lang='lat' dir='ltr'><em>A</em></span> 
     </span>
    </p>
   </div>
   <div class='ocr_carea' id='block_1_9' title="bbox 0 0 1206 3816">
    <p class='ocr_par' dir='ltr' id='par_1_10' title="bbox 0 0 1206 3816">
     <span class='ocr_line' id='line_1_34' title="bbox 0 0 1206 3816; baseline 0 0"><span class='ocrx_word' id='word_1_237' title='bbox 0 0 1206 3816; x_wconf 95' lang='lat' dir='ltr'> </span> 
     </span>
    </p>
   </div>
  </div>
 </body>
</html>
