2386 3816
348 161 665 219 DECLAMATIONES.
685 161 832 218 CCCLXV.
1002 163 1066 227 397
1096 186 1098 190 ·

491 373 685 444 GGGLXV.

366 518 419 586 De
442 521 478 587 vi
501 519 638 602 septem
660 517 810 625 iudices.

109 664 162 730 Du
186 683 223 730 v1
247 682 383 730 sarran
405 680 584 730 mumanae.
621 679 717 741 ouon
740 680 852 730 nmen
876 680 962 729 nans
978 683 1068 729 nnn-

199 771 271 819 oun
301 770 507 836 sternatur,
534 769 623 818 naus
651 769 834 819 remmon.
876 751 950 819 Duo
978 753 1068 838 igno·

199 843 334 907 miniam
358 844 551 925 statuerunt,
577 841 640 907 duo
665 841 807 924 exilium,
830 846 898 908 tres
922 845 1069 907 mortem.
1088 856 1104 907 5

199 932 320 1015 petitur
343 930 384 995 ad
406 934 555 996 mortem.

418 1124 759 1193 DECLAMATIO.

179 1268 309 1344 »Quod
332 1268 456 1333 maior
472 1290 577 1353 pars,
599 1268 715 1354 inquit,
736 1269 904 1336 iudicum
924 1274 1070 1336 statue·

117 1359 199 1423 rit«
243 1357 315 1443 Ego
339 1357 488 1423 existimo
512 1356 670 1423 maiorem
693 1362 820 1442 partem
843 1379 926 1442 esse,
949 1360 984 1424 in
1007 1383 1071 1444 qua

111 1446 222 1530 plures
245 1446 331 1510 idem
355 1445 509 1530 sentiunt,
532 1447 667 1512 eandem
689 1469 827 1531 poenam
846 1450 1071 1534 pronuntiant,
1090 1462 1124 1512 10

110 1536 145 1600 in
179 1535 289 1600 eadem
321 1535 420 1600 verba
448 1535 565 1602 iurant
617 1538 650 1601 et
676 1535 738 1602 hoc
769 1559 882 1604 verum
913 1561 996 1624 esse,
1015 1540 1070 1618 *ab

111 1625 194 1709 ipsis
221 1624 329 1689 verbis
357 1624 441 1708 legis
468 1625 568 1709 disce,
599 1646 736 1710 ›quam
769 1649 964 1710 poenam«,
1006 1649 1071 1692 non

112 1714 150 1778 de
174 1713 320 1797 pluribus
344 1713 524 1797 suppliciis
547 1713 603 1778 sed
622 1714 661 1777 de
680 1736 744 1779 uno
763 1715 915 1799 loquitur.
951 1715 1071 1780 etenim

111 1824 208 1867 nemo
244 1805 355 1888 potest
391 1801 486 1886 plura
523 1801 684 1885 supplicia
717 1824 799 1867 unus
828 1824 947 1868 nocens
980 1802 1071 1866 ferre.

114 1896 258 1956 scrutare
278 1895 311 1955 et
330 1890 395 1954 alia
413 1889 521 1954 verba.
552 1889 796 1972 »statuerit«,
819 1888 932 1971 inquit.
965 1910 1071 1953 nonne
1092 1902 1125 1952 15

114 1980 176 2044 tibi
209 1979 439 2044 consentientis
467 1999 526 2061 per
552 1977 663 2041 onmia
690 1977 793 2060 partis
825 1976 914 2041 illius
946 1977 1073 2042 videtur

116 2091 214 2134 unam
238 2089 351 2133 vocem
373 2064 560 2131 includere?
589 2086 709 2151 >quam
727 2087 871 2149 poenam
894 2066 1073 2151 statuerit«,

116 2158 165 2223 idx
179 2162 241 2236 est,
270 2155 355 2240 quod
384 2176 485 2242 genus
513 2153 666 2241 supplicii
695 2154 822 2240 placere
847 2154 910 2220 sibi
931 2177 1073 2240 pronun·
1140 2214 1143 2219 .

115 2247 257 2330 tiaverit,
281 2268 344 2329 qua
366 2267 471 2329 poena
494 2247 664 2310 nocentem
687 2244 783 2311 adfici
804 2245 952 2311 voluerit.

181 2333 262 2418 „Sed
295 2338 462 2420 quattuor,
494 2333 613 2419 inquit,
651 2332 773 2400 iudices
809 2355 861 2398 me
897 2333 1074 2399 noluerunt
1092 2347 1127 2396 20

115 2423 226 2488 mori.“
257 2424 306 2488 Tu
329 2445 415 2488 nunc
437 2424 573 2506 indicas,
594 2444 691 2508 quam
714 2444 854 2508 poenam
875 2422 1075 2506 transierint,

115 2535 182 2577 non
215 2533 313 2595 quam
345 2513 533 2577 statuerint:
565 2512 618 2577 lex
651 2514 759 2577 autem
791 2515 913 2576 certam
942 2511 1075 2578 illorum

119 2599 317 2665 sententiam
340 2601 449 2686 exigit
482 2601 559 2686 quid
578 2601 663 2666 enim
690 2600 777 2666 aliud
797 2599 928 2686 diceres,
951 2602 979 2666 si
996 2623 1075 2666 non-

119 2690 196 2753 dum
224 2689 512 2772 pronuntiassent?
550 2689 577 2754 si
604 2693 781 2777 negassent
802 2689 926 2774 liquere
950 2690 1014 2754 sibi
1037 2690 1075 2754 de

119 2778 278 2861 supplicio
306 2776 385 2842 tuo?
424 2778 580 2864 numquid
608 2779 786 2844 sententias
809 2777 940 2843 illorum
963 2801 1075 2844 nume·
1094 2793 1128 2842 25

119 2867 231 2932 nares?
269 2867 410 2932 minime,
454 2867 571 2932 horum
595 2868 681 2931 enim
704 2868 800 2933 trium
823 2867 889 2931 iam
911 2869 1012 2934 verba
1035 2869 1075 2933 si-

120 2958 230 3042 gnavi:
262 2955 393 3021 illorum
427 2959 581 3041 quattuor
613 2977 694 3041 quae
727 2956 887 3042 signabo?
928 2958 1077 3023 dubitare

187 3174 202 3222 2
222 3168 287 3221 Divi
305 3170 350 3237 ΒΗ
371 3173 387 3221 3
406 3165 473 3221 Divi
489 3170 510 3219 B
524 3169 534 3237 ss
548 3172 618 3222 e-4
636 3164 771 3221 iudicium
789 3172 813 3221 Δ
825 3171 865 3236 118
884 3167 972 3237 quod]
991 3183 1076 3235 quam
1170 3225 1174 3231 ,

117 3256 237 3310 poenam
257 3239 301 3295 Ro
319 3254 368 3294 aee.
389 3237 456 3303 Set;
473 3238 520 3293 ced
538 3239 572 3305 cf.
591 3254 615 3293 u.
631 3242 648 3294 3
666 3244 692 3293 et
708 3242 773 3306 399,
788 3245 805 3294 7
823 3242 833 3309 ῃ
848 3244 882 3292 14
899 3238 995 3308 plures
1013 3237 1078 3310 ΔΒΗ

120 3317 153 3367 16
173 3309 310 3365 censentis
328 3313 358 3376 Β,
385 3307 505 3363 censetis
525 3314 545 3362 1²
563 3310 573 3379 t
594 3307 690 3365 ridere
707 3314 727 3363 Β
742 3312 752 3382 {t
772 3316 804 3364 19
823 3325 940 3378 poenam
960 3312 983 3361 Δ
1005 3310 1015 3378 t
1036 3308 1078 3364 in-

117 3385 264 3437 nocentem
283 3384 304 3433 B
327 3381 336 3450 [Ι
359 3380 432 3436 effici
450 3384 471 3432 B
494 3382 504 3451 ΙΙ
526 3386 561 3436 20
579 3381 729 3436 voluerunt
746 3383 843 3450 etat
860 3378 977 3432 'tumeas
985 3381 1091 3443 wrm

118 3459 187 3507 -26
206 3467 377 3508 numerasses
395 3451 440 3523 Bu
459 3457 492 3509 26
511 3452 639 3526 primum
659 3456 724 3520 n,
749 3468 825 3509 corr.
846 3451 901 3504 Aeo
