2386 3816
347 177 665 236 DECLAMATIONES.
685 178 786 235 COOV.
981 179 1044 245 197

80 341 252 427 pretende.
286 362 381 408 omne
398 341 559 407 iniustum
578 343 775 428 supplicium
794 346 853 426 est,
875 343 962 427 quod
979 364 1045 408 non

82 435 135 496 est
163 433 312 496 exactum
335 430 512 496 secundum
534 431 649 516 legem.
694 432 735 496 da
757 432 858 517 igitur
880 433 931 496 ius
954 431 1045 518 mihi,

82 541 149 605 quo
172 519 278 606 perire
301 519 480 586 debuerint.
533 519 721 604 „Exulem
744 521 849 586 intra
871 520 973 586 fines
997 522 1046 586 li-

82 614 172 676 ccat
200 608 403 676 occidere.“
458 608 549 687 Quod
582 609 663 675 satis
695 614 757 675 est:
789 631 856 675 non
889 611 1045 676 occidisti.

82 697 240 784 quidquid
267 698 357 763 aliud
383 698 506 764 factum
535 702 598 785 est,
625 701 739 764 contra
768 700 874 785 legem
899 701 957 764 est.
1002 700 1080 765 sits

82 788 208 873 aliquid
240 788 366 872 mitius,
399 788 444 853 sit
475 787 597 872 aliquid
630 789 834 854 clementius:
863 809 929 853 non
955 788 1046 872 licet,

82 899 145 942 nec
166 876 229 942 tibi
250 877 363 943 licebit
385 877 565 961 ignoscere.
610 878 781 942 »exulem
809 879 913 942 intra
942 876 1046 942 fines

82 967 205 1032 liceat
228 965 435 1033 occidere<
479 967 656 1053 neminem,
687 966 824 1052 iudices,
848 988 968 1050 eorum,
991 967 1047 1051 qui

82 1056 157 1121 iura
180 1055 403 1138 condiderunt,
425 1059 496 1121 tam
520 1078 673 1141 asperum
696 1059 729 1122 et
750 1060 876 1121 trucem
895 1055 1046 1120 existimo

81 1144 194 1229 fuisse,
215 1148 253 1210 ut
274 1147 405 1210 tantum
428 1146 532 1210 scelus
557 1145 702 1210 crederet
724 1167 821 1230 posse
843 1145 923 1210 fieri.
956 1147 1046 1209 metu
1066 1159 1099 1209 ιο

83 1233 155 1298 sine
182 1232 282 1300 dubio
309 1234 390 1299 fines
417 1236 550 1300 nostros
578 1234 675 1300 elusit
703 1234 865 1318 exulibus3
891 1255 1046 1320 magnam

81 1325 197 1388 tumen
218 1321 300 1407 illis,
328 1323 385 1408 qui
411 1322 713 1407 deprehendissent,
741 1324 887 1408 inposuit
909 1322 1047 1388 difficul-

82 1414 196 1479 tatem.
228 1412 356 1479 exulem
384 1411 473 1478 intra
494 1412 576 1478 fines
601 1412 855 1498 deprehendisti:
879 1412 996 1498 occide,
1021 1413 1048 1476 si

85 1503 195 1587 potes,
216 1501 273 1566 sed
292 1501 401 1568 occide
413 1504 472 1566 boa
488 1523 596 1588 manu,
616 1524 707 1568 sume
721 1502 881 1569 carnificis
894 1502 1048 1585 animum.

85 1593 240 1676 sequetur
266 1591 460 1676 quandoque
487 1595 521 1657 te
549 1592 614 1658 ista
637 1592 850 1678 conscientie,
878 1595 911 1656 et
937 1603 1100 1676 qnam-15

84 1702 186 1765 quam
212 1681 381 1766 inpunitus
410 1681 543 1766 sanguis
574 1681 720 1746 manabit
747 1684 859 1746 tamen
881 1679 1048 1764 usquead

84 1770 242 1835 animum.
288 1791 370 1854 quae
407 1774 486 1834 sunt
520 1769 605 1835 istae
642 1769 788 1852 deliciae,
825 1774 863 1834 ut
898 1772 936 1833 tu
967 1768 1049 1833 velis

83 1857 236 1924 inimicos
271 1862 347 1924 tuos
382 1857 560 1924 incruentis
591 1858 743 1923 manibus
780 1857 946 1923 occidere?
988 1878 1050 1920 ex·

83 1947 190 2012 ulem
213 1948 320 2014 intra
340 1948 446 2014 fines
470 1947 591 2013 licoat
614 1945 802 2013 occidere:
826 1947 854 2010 si
874 1944 1050 2029 deprehen-

84 2058 140 2102 sos
168 2036 378 2122 detinuisses,
404 2036 565 2102 iniustum
592 2035 791 2120 supplicium
815 2039 909 2100 esset.
953 2055 1048 2099 nemo
1067 2050 1102 2100 20

83 2124 172 2191 inter
193 2147 316 2211 poenes
341 2127 443 2193 exulis
462 2125 635 2191 constituit
648 2125 763 2190 mortis
782 2123 1051 2210 expectationem.

84 2215 187 2300 istud,
218 2215 304 2302 quod
333 2217 450 2280 nutum
473 2218 566 2281 tuum
589 2214 712 2280 diutius
735 2215 860 2300 vident,
889 2214 976 2300 quod
1000 2236 1048 2278 ar·

83 2304 273 2392 rogantium
300 2303 425 2388 ferunt,
457 2305 617 2370 iniustum
650 2305 844 2390 supplicium
873 2307 932 2368 est.
982 2324 1050 2368 non

83 2393 162 2460 licet
189 2395 252 2459 tibi
283 2394 429 2480 gladium
459 2416 558 2477 supra
585 2394 726 2459 cervices
754 2393 808 2459 diu
831 2397 954 2478 tenere3
982 2412 1050 2456 non

84 2483 164 2549 licet
190 2484 304 2570 iugulo
335 2505 447 2549 necem
479 2483 652 2549 admovere
679 2484 775 2548 lente.
819 2487 856 2547 tu
886 2503 942 2546 eos
967 2480 1049 2545 deti·
1067 2495 1102 2545 25

84 2594 164 2638 neas
187 2573 275 2639 intra
296 2574 393 2658 fines,
424 2573 541 2657 quibus
564 2574 674 2639 venire
697 2594 765 2638 non
786 2569 901 2636 licuit?
939 2569 1049 2636 occide

86 2661 140 2727 vel
163 2663 278 2728 statim
301 2665 362 2747 vel,
387 2663 415 2728 si
439 2662 567 2727 differre
586 2666 689 2747 potes,
712 2662 874 2727 miserere.
905 2659 1050 2726 nondum

88 2749 172 2835 dico,
196 2771 383 2817 concurrere
406 2774 461 2818 -t
485 2755 647 2836 praesente
669 2751 895 2834 tc<alterun1>
915 2750 1049 2816 alterius

86 2840 246 2905 cervicem
272 2841 369 2907 ferire
398 2840 550 2926 coegisti:
578 2840 739 2905 iniustum
766 2841 961 2924 supplicium
991 2842 1049 2904 est.

31 2941 34 2947 '
153 2928 257 3015 ,Mori
280 2929 426 2996 debent“
462 2929 565 3013 †Qua
587 2930 660 3014 lege
683 2929 719 2994 in
738 2951 803 3014 qua
822 2930 980 3015 scriptum
999 2932 1049 2993 est
1068 2944 1103 2993 ao

161 3056 193 3106 16
212 3051 347 3107 manabat
364 3056 385 3105 B
403 3055 413 3124 l
433 3058 464 3107 18
483 3051 680 3136 *inprudentis
698 3069 735 3106 m.
754 3051 1049 3135 annuntiantibus

87 3123 205 3247 laida
221 3123 417 3263 lulius
431 3124 758 3266 solareris,
774 3124 969 3264 'torellus
985 3126 1051 3262 bl,

86 3265 136 3332 27)
151 3266 161 3335 ΙΙ
173 3263 335 3338 (alterum)
356 3265 397 3323 Gr
411 3270 421 3339 n
434 3273 469 3322 30
488 3266 574 3322 debet
587 3270 636 3319 ΑΒ
650 3269 659 3338 [Ι
673 3272 764 3336 30qu
783 3284 839 3335 qua
852 3267 935 3336 lege?
949 3265 979 3319 in
994 3281 1051 3334 qua

89 3351 141 3392 scr.
161 3337 205 3392 est
223 3337 269 3392 cui
284 3336 361 3404 licet,
380 3338 493 3394 occidat
509 3338 569 3407 Ro;
586 3339 703 3405 fortasse
721 3337 797 3407 *qua
815 3337 846 3392 in
863 3338 927 3406 lege
942 3354 993 3394 scr.
1009 3340 1052 3392 est

86 3405 282 3546 lidelmi&
302 3409 506 3465 occidantur«?
525 3412 571 3481 (cf.
590 3414 656 3479 201,
674 3413 710 3464 13
723 3426 789 3482 sqq,
808 3413 876 3478 207,
891 3413 925 3464 10
942 3415 968 3464 ct
986 3409 1055 3464 decl.

179 3497 205 3533 „
374 3498 380 3507 ,
