2386 3816
306 179 622 238 DECLAMATIONES.
656 179 809 239 CCCXVII.
979 182 1044 248 247

68 347 224 412 vocatum
255 365 344 429 eum,
372 345 428 430 qui
450 346 599 429 proximo
622 345 746 429 proelio
770 345 961 412 debilitatus
986 346 1043 432 eit;

68 436 234 521 fingamus
254 455 325 499 esse
343 438 564 518 provocatum,
583 455 681 518 quem
699 435 878 519 imperator
893 436 928 500 in
943 435 1043 502 aliam

70 528 202 608 partem
226 522 440 607 expeditionis
467 525 516 588 ire
539 523 686 589 iusserit}
715 523 862 607 profecto
886 523 1041 589 adversus

70 613 238 679 neminem
260 613 378 678 horum
401 611 486 678 actio
512 634 551 677 ex
573 613 637 678 hac
659 612 733 699 lege
758 612 899 679 dabitur.

140 702 244 786 Atqui
266 701 347 767 mihi
370 701 451 766 satis
474 704 524 768 est
552 701 688 786 efficere,
710 705 747 767 ut
775 701 872 767 alicui
890 722 958 765 non
985 718 1078 786 pu·5

71 811 176 879 gnare
198 791 303 856 liceat.
348 812 428 855 nam
456 791 485 855 si
515 790 574 855 ulli
596 793 706 875 potest
733 790 803 857 dari
830 790 911 856 haec
938 790 1043 874 venia,

71 903 143 948 non
171 879 387 963 dubitabitur,
415 880 494 965 quin
520 880 608 963 patri
632 879 734 946 detur.
780 875 842 944 Sed
866 883 1043 963 antequam

72 973 227 1035 naturam
250 967 397 1053 defendo,
420 969 628 1053 imperatorie
648 969 723 1034 volo
742 968 915 1033 defendere
936 967 1041 1053 digni·

69 1063 186 1125 tatem.
229 1057 389 1123 contendo
413 1056 496 1123 hanc
519 1058 627 1141 legem
650 1056 691 1122 ad
715 1057 835 1122 milites
858 1056 1042 1142 pertinere:
1081 1100 1085 1108 -

72 1149 217 1233 primum
240 1146 327 1231 quod
349 1147 436 1212 inter
458 1146 519 1212 hoe
543 1146 610 1211 fere
633 1145 823 1232 provocatio
847 1146 898 1229 sit,
922 1145 1040 1210 deinde
1063 1162 1096 1212 10

72 1236 229 1323 quoniam
255 1235 365 1322 legum
392 1236 479 1301 lator
506 1257 685 1321 numquam
712 1235 858 1319 profecto
885 1237 955 1300 tam
980 1235 1041 1299 ini·

68 1348 157 1410 quus·
186 1325 262 1409 fuit,
293 1328 331 1390 ut
360 1325 537 1409 periclitari
567 1346 606 1390 cx
629 1328 755 1390 >eventu
783 1344 912 1409 pugnae
945 1324 1041 1388 unius

69 1415 240 1481 civitatem
262 1413 530 1500 summa<mquc>
553 1413 602 1479 rei
625 1414 774 1498 publicae
793 1414 902 1480 vellet.
938 1413 1043 1498 finga-

72 1503 257 1571 musenim
280 1503 321 1569 ab
346 1503 457 1588 aliquo
481 1503 597 1569 ultimo
624 1503 764 1571 militum
790 1503 964 1588 provocari
984 1503 1041 1567 du·

71 1615 159 1660 cem:
182 1592 269 1658 idem
291 1591 474 1678 discrimen,
500 1592 586 1658 idem
608 1592 798 1678 periculum,
820 1614 880 1676 par
904 1594 1040 1656 eventus
1064 1607 1097 1658 15

72 1687 134 1748 cst.
161 1681 264 1767 adice,
292 1682 379 1767 quod
401 1684 486 1748 inter
508 1683 697 1766 praecipuas
727 1681 864 1747 virtutes
896 1684 946 1747 est
983 1680 1042 1744 im-

71 1772 237 1856 paratorio
269 1793 336 1836 non
368 1791 514 1856 pugnare
547 1769 732 1856 aliquando.
785 1769 842 1834 sic·
861 1768 1045 1834 extrahitur
1152 1848 1154 1852 Ι

73 1861 193 1946 hostie3
212 1860 272 1925 *sic
293 1859 434 1945 impetus
459 1860 585 1925 subitos
609 1859 713 1943 partis
738 1857 893 1923 adversae
917 1855 1044 1940 frangit

73 1971 179 2034 mora3
214 1949 260 2014 sic
291 1949 486 2014 interclusos
514 1947 749 2014 commeatibus
779 1946 814 2011 in
843 1944 1043 2010 deditionem

72 2040 186 2104 venire
216 2038 303 2103 fame
330 2039 487 2124 cogimus.
531 2036 641 2121 itaque
669 2034 799 2103 hercule
826 2033 967 2102 militem
998 2034 1043 2099 le·
1063 2053 1098 2105 20

73 2129 181 2213 gimus
213 2126 398 2211 robustum,
435 2125 574 2211 legimus
607 2124 770 2190 iuvenem:
808 2123 1044 2209 imperatorem

72 2216 211 2282 facimus
236 2238 354 2282 senem.
388 2215 512 2281 inillis
541 2214 629 2279 enim
651 2214 701 2279 vis
730 2235 904 2300 corporum
924 2218 956 2278 et
975 2235 1043 2279 ma·

72 2328 136 2371 nus
161 2304 231 2371 sola
254 2309 428 2390 spectatur,
451 2305 487 2369 in
509 2304 560 2370 his
585 2303 756 2373 consilium
780 2307 813 2369 et
834 2303 933 2369 ratio:
959 2324 1043 2387 quae

73 2395 162 2462 bona
188 2393 390 2481 procedentis
419 2395 537 2460 aetatis
560 2394 596 2458 in
618 2394 727 2458 locum
749 2393 869 2458 virium
892 2390 1061 2458 subeunt..

73 2485 183 2568 ipsum
205 2487 375 2569 praeterea
395 2505 515 2548 nomen
532 2482 740 2567 imperatoris
763 2481 843 2546 satie
869 2479 1044 2564 significat,
1065 2496 1099 2547 25

74 2595 143 2640 non
165 2573 254 2658 exigi
275 2593 408 2638 manum
431 2572 544 2656 ipsius.
588 2572 750 2655 imperare
778 2569 865 2636 enim
888 2569 985 2634 debet
1011 2571 1044 2634 et

73 2661 271 2746 praecipere.
316 2662 351 2726 in
374 2682 541 2745 summam,
564 2661 605 2725 ab
630 2681 679 2743 eo,
703 2660 759 2745 qui
782 2662 979 2744 provocatus
1001 2658 1042 2724 ab

74 2750 169 2817 hoste
204 2772 273 2816 non
302 2749 519 2836 pugnaveritr
551 2748 747 2834 supplicium
781 2747 904 2832 optime
939 2747 1044 2833 exigit

74 2841 261 2925 imperator.
307 2859 386 2924 ergo
415 2839 443 2904 ei
470 2838 531 2904 hoc
559 2838 665 2904 solum
694 2836 781 2922 apud
803 2858 863 2903 vos
889 2836 1044 2902 dicerem:

73 2951 141 2996 non
166 2929 327 3016 pugnavit
354 2929 433 3012 dux,
460 2950 527 3002 non
549 2927 709 3013 pugnavit
733 2947 845 3010 senex,
871 2947 938 2992 non
964 2925 1043 2992 fecit
1067 2942 1101 2992 30

147 3201 164 3250 6
183 3193 245 3248 dari
263 3177 352 3263 po‘t'B
365 3195 376 3263 ss
390 3199 459 3247 11-
470 3197 502 3246 12
523 3189 654 3246 inimicus
673 3195 730 3259 AB,
751 3205 819 3246 corr.
842 3187 954 3259 611111
974 3189 1049 3259 peri-

73 3267 175 3322 clitare
193 3267 242 3335 ΒΙΙ
265 3280 298 3319 ox
322 3280 372 3320 om,
392 3267 439 3334 Pp
463 3269 495 3317 13
520 3260 756 3336 summa<mque>
775 3262 833 3316 Aer
852 3262 862 3330 ΙΙ
887 3267 920 3315 16
947 3266 977 3313 Ν
1006 3261 1049 3332 att

75 3343 180 3393 16-17
199 3336 399 3407 imperatorem
417 3339 481 3403 AB,
500 3351 568 3391 corr.
589 3333 653 3404 Gru
668 3340 700 3388 19
721 3334 935 3388 commeatus
954 3333 1048 3401 Anat

72 3426 155 3466 senes
174 3413 198 3461 Δ
210 3409 221 3478 t
234 3413 269 3463 24
288 3406 481 3477 praecedentis
500 3409 557 3475 AB,
583 3421 652 3461 corr.
671 3403 729 3460 Lat
742 3405 754 3475 t
766 3409 799 3459 25
825 3415 857 3462 Ν
877 3408 901 3456 Δ
913 3404 972 3472 titt
990 3402 1051 3456 exi-

69 3497 141 3550 gere
156 3484 212 3546 ΑΒ,
232 3495 299 3533 corr.
321 3479 388 3547 Grff
398 3478 556 3550 imperator
575 3477 654 3537 enim
672 3477 762 3538 debet
778 3495 825 3551 pr.
843 3482 872 3532 R
