2386 3816
145 131 165 197 g
504 127 735 194 oomrromru

142 316 204 379 pus
228 315 351 377 meum,
382 292 469 377 quod
497 313 564 356 non
588 293 692 357 solum
723 293 816 355 motu
844 290 1031 373 [corporis],
1058 290 1110 356 fa-

143 383 254 448 miliae
278 381 534 448 conclamatione
553 381 688 446 excitari
710 401 776 445 non
799 379 920 464 potuit,
944 379 1001 445 sed
1024 380 1110 446 belli

143 472 287 536 tumultu
311 475 344 537 et
366 471 495 556 fragore
520 471 687 556 signorum
711 472 744 533 et
760 467 979 552 trepidatione
1001 469 1107 534 totius

144 561 302 626 civitatis:
344 560 507 625 victurum
538 558 768 644 promitteres?
809 556 1010 623 Venefioium
1031 559 1108 642 fini·

109 650 225 715 ollone
261 648 368 733 docui,
405 648 594 715 veneficium
626 646 771 732 periculo
804 646 911 712 docui:
948 647 1024 713 volo
1057 647 1107 712 di·

144 760 215 803 cere
238 740 271 803 et
294 739 332 802 de
356 738 473 804 animo.
496 737 667 817 Potionem
689 736 786 801 istam
806 735 857 800 cui
876 735 1016 801 dedisti?
1041 757 1108 820 quo

143 830 288 912 tempore
312 827 453 893 dedisti?
489 825 640 911 privigno
664 824 790 890 dedisti.
818 824 846 889 si
871 824 936 890 alio
958 827 1107 909 tempore

144 916 301 1001 dedisses,
333 916 501 1002 deceptam
533 918 566 980 te
598 917 762 1000 putarem:
797 935 884 978 nunc
911 914 1110 999 excogitasti

143 1006 318 1090 potionem,
343 1026 425 1090 quae
448 1025 499 1069 me
523 1004 596 1089 lege
620 1002 784 1069 occideret.

92 1111 124 1160 10
211 1093 371 1178 Equidem
390 1093 419 1159 si
432 1115 484 1158 me
499 1093 696 1178 interroges,
718 1091 839 1157 vixisse
868 1113 918 1156 me
941 1092 999 1156 illo
1022 1095 1108 1157 tem·

144 1205 222 1268 pore
244 1183 311 1248 non
334 1182 486 1249 arbitror.
514 1181 591 1267 quid
613 1179 721 1247 mom?
744 1201 803 1265 pro
823 1179 869 1245 dii
887 1181 1108 1246 immortales!

144 1276 200 1337 aut
223 1271 256 1336 in
280 1295 344 1357 qua
367 1275 459 1356 parte
482 1275 619 1336 naturae
642 1270 765 1336 locarit
783 1291 834 1334 me
852 1269 1014 1335 noverca?
1037 1269 1108 1335 bel-

58 1415 60 1420 .
144 1360 212 1425 lum
240 1360 534 1462 mihinuntiatum
563 1363 625 1444 est,
657 1362 690 1424 et
712 1359 890 1460 hominem,
920 1380 1025 1462 quem·
1039 1379 1108 1424 non
1183 1437 1185 1439 ¹

93 1554 125 1604 1.
143 1448 799 1628 attattl..tttltlltbittit
823 1446 906 1621 lli
919 1448 1109 1602 tarra

144 1630 295 1691 manente
319 1648 370 1691 me
393 1627 481 1691 intra
503 1648 622 1711 muros,
646 1625 884 1691 commilitones
905 1625 969 1690 mei
993 1647 1108 1691 narra·

144 1719 274 1780 verunt:
307 1716 425 1781 dicitur
452 1717 566 1801 ingens
594 1715 696 1780 fuisse
723 1714 900 1799 proelium,
933 1715 1111 1780 commissa

144 1805 307 1890 utrimque
332 1805 434 1886 acies,
457 1803 556 1870 dubia
579 1826 676 1888 saepe
703 1803 841 1869 victoria
864 1807 896 1867 et
919 1803 983 1868 huc
1007 1807 1110 1888 atque

144 1893 221 1960 illuc
246 1916 319 1979 spes
338 1894 505 1978 inclinata,
528 1915 600 1959 oum
623 1892 755 1958 interim
772 1892 877 1976 miles,
899 1892 934 1957 in
953 1914 1016 1977 quo
1035 1894 1108 1977 plu-

91 1999 124 2048 20
143 1983 262 2049 rimum
285 1983 431 2068 fiduciae,
453 1983 488 2048 in
512 2005 576 2068 quo
600 1981 778 2047 maximnm
802 1985 1003 2046 momentum
1021 1982 1110 2048 vidc-

143 2073 249 2156 batur,
273 2072 308 2136 in
330 2072 422 2137 nulla
444 2075 537 2157 parte
560 2071 648 2136 visus
672 2070 811 2136 auditur.
835 2070 1008 2155 quidplus
1032 2093 1110 2137 con-

143 2161 269 2245 tingere
292 2159 402 2243 potuit
423 2159 525 2244 hosti,
555 2159 583 2225 si
604 2157 784 2243 perissem?
828 2181 896 2225 non
919 2159 984 2224 alio
1008 2160 1108 2227 modo

144 2248 253 2314 audivi
275 2248 377 2333 bella,
401 2271 499 2334 quam
518 2270 652 2313 avorum
670 2264 930 2333 proavorumque
948 2251 1107 2334 tempori-

143 2338 213 2402 bus.
258 2336 305 2402 Aa
328 2338 357 2403 si
389 2337 470 2403 mihi
503 2337 596 2402 detur
628 2337 809 2403 emendatio
840 2337 1105 2424 praeteritorum,

91 2443 124 2492 ao
143 2427 269 2493 utinam
292 2448 429 2493 noverea
454 2425 536 2491 illud
560 2426 671 2492 statim
691 2448 848 2493 venenum
867 2427 1017 2512 dedisset,
1041 2450 1108 2513 quo

143 2516 210 2580 vita
229 2515 424 2582 auferretur!
446 2515 504 2580 illa
526 2515 660 2600 potione
684 2520 911 2601 consumptum
933 2519 1006 2581 tota
1029 2518 1109 2582 oivi·

143 2608 194 2670 tas
228 2604 269 2670 ad
300 2626 417 2691 rogum
449 2605 594 2688 tulisset,
626 2604 823 2670 celebrasset
845 2605 972 2689 laudes,
1005 2606 1108 2670 etiam

143 2694 299 2778 temporis
324 2693 498 2760 discrimen
521 2693 661 2759 multum
686 2693 851 2759 attulisset
871 2694 1108 2760 admirationis.

142 2783 200 2847 illa
225 2782 368 2848 dicerent
391 2783 555 2849 homines:
578 2804 662 2848 »non
684 2783 873 2848 tulissemus
896 2782 986 2867 haec,
1009 2784 1038 2848 si
1060 2785 1107 2848 vi·

181 2984 184 2989 '
216 2982 229 3030 1
251 2975 373 3045 corporis
387 2980 419 3044 Δ,
437 2977 553 3031 caclaait
566 2975 627 3044 Ro,·
644 2977 691 3032 sed
708 2977 798 3031 acacio
816 2992 855 3030 oa
873 2974 948 3030 otius
965 2977 1106 3046 practicus

142 3048 348 3102 substituendus
365 3047 403 3103 sit
419 3049 429 3117 ΙΙ
447 3055 463 3102 3
482 3047 587 3116 frigore
605 3050 677 3118 Aul]
698 3053 715 3103 4
734 3047 853 3103 scientia
870 3051 903 3115 Δ,
921 3047 1048 3103 finitione
1068 3048 1105 3118 (2)

143 3118 187 3174 Ro
200 3120 210 3188 l
224 3124 240 3173 t
255 3133 316 3173 esse
329 3118 454 3187 periculo
468 3122 509 3172 Aa
521 3121 531 3189 u
545 3124 560 3173 9
576 3119 632 3187 qua
646 3124 686 3172 Ab
700 3120 710 3190 11
724 3118 898 3186 occiderim,
908 3133 978 3174 corr.
989 3118 1033 3174 Fr
1046 3122 1056 3188 ΙΙ
1072 3125 1103 3173 11

143 3188 220 3244 enim
238 3192 269 3257 Δ,
290 3205 358 3244 corr.
377 3189 636 3263 R01115<somnus
655 3188 775 3264 vinxit.)
794 3189 838 3245 Ro
857 3190 997 3257 conserens
1015 3194 1105 3258 9,21:

142 3259 273 3316 devincta
290 3277 369 3316 mena
396 3262 406 3330 l
436 3264 502 3317 acta
519 3266 572 3330 Aa,
600 3261 657 3317 acti
675 3267 724 3331 Ab,
743 3279 812 3318 corr.
832 3262 876 3317 Rc
889 3263 899 3330 ΙΙ
915 3267 947 3318 18
966 3263 1106 3330 utrunque

142 3353 182 3403 Aa
195 3350 205 3418 ΙΙ
219 3355 252 3403 23
271 3365 493 3418 proavarumque
512 3354 552 3403 Aa
565 3352 575 3420 fl
589 3355 623 3405 24
641 3353 737 3406 nota:
762 3349 796 3404 Si
814 3335 843 3404 rii
862 3345 932 3405 det¹
946 3352 1105 3407 emenda·

142 3419 191 3475 tio
210 3420 481 3491 praeteritorum
500 3424 594 3492 Δ1126
613 3423 754 3478 auferetur
772 3427 812 3475 Δι
