2386 3816
271 164 590 222 DECLAMATIONES.
610 165 800 222 CCCXLVIII.
962 169 1026 233 371

64 328 284 413 coniugesque
301 329 456 394 auditam
476 351 496 394 a
514 330 692 395 maioribus
710 351 769 414 per
787 353 902 397 manus
917 333 952 397 in
966 333 1028 398 hoc

66 440 168 503 usque
190 420 320 502 tempus
344 418 529 484 libertatem
554 420 655 484 semel
677 419 859 504 perderent.
893 443 952 505 pro
975 421 1027 487 his

66 506 324 572 animadvertere
342 508 378 571 in
395 530 515 591 paucos
534 508 702 593 indignum
724 507 798 572 est?
817 511 851 572 et
868 511 1028 576 exercitus

62 600 190 680 partem
214 595 466 682 deoim<am>us,
490 600 523 661 et
550 596 584 661 in
608 598 710 662 aciem
733 597 837 662 ductis
860 599 1027 684 militibus,

63 688 148 749 certe
184 684 426 770 innocentibus,
457 685 597 750 multum
630 686 806 773 contigisse
838 686 1062 770 imperatoris

64 774 268 859 vide[re]tur,
279 774 407 839 etiamsi
421 796 487 839 non
502 776 703 841 incruentam
713 775 885 840 victoriam
898 775 1028 842 referat.

65 885 125 947 pro
144 861 206 927 hac
225 863 400 928 securitate
419 864 448 928 si
465 865 632 948 perierunt
651 864 766 948 aliqui:
785 868 822 927 ut
839 865 1028 947 parcissime

65 952 185 1035 dicam,
224 974 290 1016 non
324 951 523 1038 ignoscetis?
572 951 719 1036 equidem
747 953 918 1039 intellego,
944 953 1028 1018 hanc

68 1062 138 1105 esse
176 1040 395 1106 condicionem
433 1042 592 1127 omnium,
628 1042 682 1124 qui
713 1040 1028 1107 administrationem

66 1130 114 1193 rei
137 1128 285 1212 publicae
307 1129 549 1216 adgrediuntur,
572 1133 610 1194 ut
628 1151 675 1215 ea,
698 1126 783 1214 quae
799 1132 938 1195 maxime
956 1153 1027 1216 per·
1048 1151 1081 1200 10

67 1218 174 1283 tinent
207 1218 247 1284 sd
279 1218 416 1284 salutem
450 1239 667 1304 communem,
699 1240 773 1283 oum
801 1219 940 1304 quadarn
970 1242 1028 1284 sua

69 1306 190 1371 invidia
218 1307 344 1372 efficere
373 1312 540 1393 cogantur.
586 1310 709 1392 quanta
736 1309 768 1371 vi
795 1308 948 1373 adversus
975 1331 1027 1373 me

68 1395 191 1460 inimici
211 1398 496 1482 consurrexissent,
515 1397 541 1461 si
556 1397 644 1461 istud
660 1398 729 1461 sine
744 1417 841 1462 causa
853 1397 1027 1462 fecissem?

135 1483 241 1559 Quid?
265 1486 293 1549 si
316 1486 498 1569 proditores
520 1485 623 1551 fuisse
645 1485 855 1551 manifestum
875 1487 948 1552 est?
969 1508 1027 1572 pu-

64 1578 169 1637 temus
193 1595 263 1638 esse
279 1574 442 1659 iudicium,
465 1578 507 1660 et,
530 1579 689 1660 quatenus
712 1576 864 1640 mavultis
884 1576 960 1640 illos
978 1577 1026 1641 in·
1047 1593 1079 1642 15

65 1663 235 1729 demnatos
254 1663 368 1747 dicere,
392 1686 488 1748 quam
510 1665 708 1747 innocentes,
728 1664 867 1728 excutite
887 1686 1026 1730 oausam.

65 1774 142 1815 sane
172 1773 239 1818 non
263 1753 535 1818 consummaverit
557 1752 723 1836 (crimen)
747 1753 854 1837 primo
876 1754 1026 1838 suspicio,

66 1846 100 1905 at
123 1845 210 1904 certe
233 1841 423 1927 transfugae
446 1842 508 1907 hoc
528 1841 706 1906 mentiendi
725 1862 823 1905 causa
841 1862 922 1924 quae
941 1841 1026 1904 fuit?

65 1929 172 2012 homo,
203 1929 318 1993 relicto
343 1930 485 1995 exercitu
510 1952 581 2014 suo,
609 1930 723 1995 relicto
747 1929 944 2013 imperatore
968 1950 1025 1994 suo

63 2019 95 2081 in
128 2018 294 2082 civitatem
317 2023 464 2084 nostram
487 2021 726 2104 transgressus,
755 2039 827 2083 oum
851 2038 919 2082 rem
942 2019 1025 2104 peri·
1044 2037 1079 2085 2ο

66 2106 304 2172 culosissimam
322 2107 462 2193 fecisset,
480 2107 693 2173 mentiretur?
714 2129 785 2172 curn
805 2106 846 2172 ad
859 2108 1025 2191 probatio-

62 2218 137 2259 nem
152 2196 199 2260 rei
214 2200 312 2281 caput
325 2219 419 2263 suum
434 2197 618 2282 obligaret?
639 2196 773 2262 eandem
786 2196 881 2262 nobis
895 2200 1025 2262 noctem

63 2285 274 2352 denuntiavit.
319 2286 529 2352 manifestum
558 2289 609 2351 est
633 2290 741 2350 autem
760 2285 858 2350 fuisse
877 2285 1025 2350 hostibus

61 2375 267 2458 propositum
300 2375 442 2440 civitatis
469 2378 602 2442 nostrae
639 2397 696 2459 per
725 2373 943 2460 proditionem
974 2395 1024 2438 ca-

61 2464 206 2546 piendae.
245 2463 302 2548 qui
324 2464 508 2548 proditores
531 2463 662 2549 fuerint,
685 2462 861 2527 recedendo
882 2461 1022 2526 confessi
1043 2480 1078 2528 25

132 2603 415 2672 laom.Blper
441 2620 576 2659 manus
597 2602 784 2674 Athonem.
805 2602 936 2670 B-Pll
955 2602 1024 2657 dici-

60 2691 123 2728 mus
142 2676 205 2739 AB,
233 2688 302 2728 corr.
323 2672 359 2728 Pr·
387 2675 397 2744 Ι
421 2673 559 2730 ductusB
581 2675 627 2744 lo
656 2674 720 2746 imp
738 2675 815 2742 ABss
838 2672 864 2743 6!
882 2672 1025 2728 videretur

60 2748 91 2811 A,
111 2743 241 2798 videatur
258 2747 293 2811 B,
312 2759 380 2800 corr.
400 2743 444 2799 Ro
457 2747 468 2815 l
481 2763 511 2800 se
529 2744 602 2800 ferat
619 2749 681 2814 AB,
701 2744 726 2799 si
744 2745 816 2799 terat
833 2749 861 2809 1³,
881 2759 949 2797 corr.
972 2742 1023 2812 Pi3

59 2816 184 2870 referant
211 2815 267 2869 Aer
289 2816 299 2884 l
322 2823 344 2890 q
372 2819 395 2868 A
451 2822 467 2871 7
494 2815 602 2887 aliquid
629 2820 649 2868 B
675 2816 685 2885 n
708 2814 917 2885 8ignoscerem
945 2816 1024 2885 equi-

61 2888 124 2942 dem
143 2890 179 2953 A,
203 2886 348 2954 ignoscere
366 2903 412 2942 me
431 2886 544 2957 quidem
562 2892 596 2955 B,
621 2903 691 2943 corr.
710 2887 790 2957 Aerl
812 2892 845 2941 12
865 2886 1025 2955 cogitantur

59 2964 101 3012 Aa
127 2961 137 3028 l
165 2963 270 3012 12-13
295 2975 340 3013 ma
357 2957 450 3012 'inimo
468 2958 575 3014 inimici
593 2963 634 3012 Ar
660 2961 670 3028 ΙΙ
698 2965 731 3014 17
750 2959 958 3014 consonaverit
975 2962 997 3011 B
1014 2959 1025 3030 ll

60 3030 207 3100 *primum
230 3028 354 3098 suspicio
382 3030 413 3083 at
440 3037 477 3098 A,
505 3030 627 3100 primum
656 3029 759 3099 suscipi
787 3032 818 3084 nt
841 3032 862 3081 B
891 3030 1023 3099 (primum

62 3101 199 3171 suscipiat
229 3103 282 3171 1²);
317 3101 422 3154 crimen
454 3101 577 3171 suspicio
603 3103 634 3156 at
663 3100 737 3168 Obr3
770 3101 1025 3155 consummaverint

60 3171 532 3313 effususelfusus
546 3170 1023 3312 tslrttdtsttlttlt

61 3313 276 3388 <mentiretur>,
305 3331 369 3368 cum
392 3313 436 3368 Ro
462 3314 472 3382 l
498 3320 613 3368 21-22
642 3313 810 3383 approbatio
836 3311 877 3365 rei
904 3316 925 3364 B
952 3317 966 3382 [l
989 3319 1025 3366 22

63 3386 161 3508 endpm
181 3392 203 3438 A
226 3387 236 3456 l
258 3387 339 3440 nocte
357 3388 378 3436 B
401 3387 411 3455 ιΙ
434 3391 468 3439 23
488 3385 636 3440 denuntiat
654 3389 677 3437 A
693 3387 708 3455 ll
724 3386 770 3439 est
787 3399 841 3437 ors.
861 3385 980 3450 hattus
995 3396 1045 3430 xs-

63 3472 115 3509 oen
135 3472 151 3510 o
175 3460 198 3509 A

847 3539 911 3595 *Ν
