<?xml version="1.0" encoding="UTF-8"?>
<!DOCTYPE html PUBLIC "-//W3C//DTD XHTML 1.0 Transitional//EN"
    "http://www.w3.org/TR/xhtml1/DTD/xhtml1-transitional.dtd">
<html xmlns="http://www.w3.org/1999/xhtml" xml:lang="en" lang="en">
 <head>
  <title>
</title>
<meta http-equiv="Content-Type" content="text/html;charset=utf-8" />
  <meta name='ocr-system' content='tesseract 3.04.00' />
  <meta name='ocr-capabilities' content='ocr_page ocr_carea ocr_par ocr_line ocrx_word'/>
</head>
<body>
  <div class='ocr_page' id='page_1' title='image "./mfabiiquintilia01rittgoog_0173.png"; bbox 0 0 2386 3816; ppageno 0'>
   <div class='ocr_carea' id='block_1_1' title="bbox 118 80 712 198">
    <p class='ocr_par' dir='ltr' id='par_1_1' title="bbox 118 80 712 198">
     <span class='ocr_line' id='line_1_1' title="bbox 118 80 712 198; baseline 0.003 -18"><span class='ocrx_word' id='word_1_1' title='bbox 118 132 182 198; x_wconf 85' lang='lat'>138</span> <span class='ocrx_word' id='word_1_2' title='bbox 483 80 712 195; x_wconf 78' lang='lat' dir='ltr'>oorurrumru</span> 
     </span>
    </p>
   </div>
   <div class='ocr_carea' id='block_1_2' title="bbox 55 290 1077 2630">
    <p class='ocr_par' dir='ltr' id='par_1_2' title="bbox 112 290 1077 648">
     <span class='ocr_line' id='line_1_2' title="bbox 114 290 1077 380; baseline -0.003 -20"><span class='ocrx_word' id='word_1_3' title='bbox 114 296 203 361; x_wconf 88' lang='lat' dir='ltr'>dam:</span> <span class='ocrx_word' id='word_1_4' title='bbox 226 298 464 380; x_wconf 88' lang='lat' dir='ltr'>prospexerunt</span> <span class='ocrx_word' id='word_1_5' title='bbox 481 293 724 375; x_wconf 88' lang='lat' dir='ltr'>infirmioribus,</span> <span class='ocrx_word' id='word_1_6' title='bbox 741 296 978 376; x_wconf 86' lang='lat' dir='ltr'>prospexerunt</span> <span class='ocrx_word' id='word_1_7' title='bbox 997 290 1077 357; x_wconf 88' lang='lat' dir='ltr'>leni·</span> 
     </span>
     <span class='ocr_line' id='line_1_3' title="bbox 114 379 1077 468; baseline -0.003 -19"><span class='ocrx_word' id='word_1_8' title='bbox 114 386 235 450; x_wconf 89' lang='lat' dir='ltr'>oribus.</span> <span class='ocrx_word' id='word_1_9' title='bbox 266 384 407 451; x_wconf 86' lang='lat' dir='ltr'>forsitan</span> <span class='ocrx_word' id='word_1_10' title='bbox 430 383 654 468; x_wconf 83' lang='lat' dir='ltr'>cogitaverunt</span> <span class='ocrx_word' id='word_1_11' title='bbox 673 385 707 447; x_wconf 93' lang='lat' dir='ltr'>et</span> <span class='ocrx_word' id='word_1_12' title='bbox 724 381 816 462; x_wconf 87' lang='lat' dir='ltr'>illud,</span> <span class='ocrx_word' id='word_1_13' title='bbox 838 403 906 448; x_wconf 86' lang='lat' dir='ltr'>non</span> <span class='ocrx_word' id='word_1_14' title='bbox 925 379 1077 447; x_wconf 91' lang='lat' dir='ltr'>omnibus</span> 
     </span>
     <span class='ocr_line' id='line_1_4' title="bbox 112 469 1076 559; baseline -0.002 -21"><span class='ocrx_word' id='word_1_15' title='bbox 112 473 239 546; x_wconf 85' lang='lat' dir='ltr'>futuras</span> <span class='ocrx_word' id='word_1_16' title='bbox 263 495 334 541; x_wconf 88' lang='lat' dir='ltr'>esse</span> <span class='ocrx_word' id='word_1_17' title='bbox 363 473 463 558; x_wconf 82' lang='lat' dir='ltr'>vires3</span> <span class='ocrx_word' id='word_1_18' title='bbox 494 472 542 536; x_wconf 86' lang='lat' dir='ltr'>ita</span> <span class='ocrx_word' id='word_1_19' title='bbox 570 473 833 556; x_wconf 74' lang='lat' dir='ltr'>temperaverunt</span> <span class='ocrx_word' id='word_1_20' title='bbox 856 469 1076 559; x_wconf 80' lang='lat' dir='ltr'>severitatem,</span> 
     </span>
     <span class='ocr_line' id='line_1_5' title="bbox 113 559 899 648; baseline -0.004 -20"><span class='ocrx_word' id='word_1_21' title='bbox 113 567 151 628; x_wconf 93' lang='lat' dir='ltr'>ut</span> <span class='ocrx_word' id='word_1_22' title='bbox 172 561 352 629; x_wconf 80' lang='lat' dir='ltr'>vindicaret</span> <span class='ocrx_word' id='word_1_23' title='bbox 375 584 409 628; x_wconf 90' lang='lat' dir='ltr'>se</span> <span class='ocrx_word' id='word_1_24' title='bbox 433 559 594 648; x_wconf 86' lang='lat' dir='ltr'>quomodo</span> <span class='ocrx_word' id='word_1_25' title='bbox 619 561 754 646; x_wconf 89' lang='lat' dir='ltr'>quisque</span> <span class='ocrx_word' id='word_1_26' title='bbox 776 563 899 645; x_wconf 84' lang='lat' dir='ltr'>posset.</span> 
     </span>
    </p>

    <p class='ocr_par' dir='ltr' id='par_1_3' title="bbox 78 667 1077 1110">
     <span class='ocr_line' id='line_1_6' title="bbox 78 667 1076 754; baseline -0.004 -16"><span class='ocrx_word' id='word_1_27' title='bbox 78 688 94 738; x_wconf 78' lang='lat'>5</span> <span class='ocrx_word' id='word_1_28' title='bbox 180 670 258 735; x_wconf 88' lang='lat' dir='ltr'>Dixi</span> <span class='ocrx_word' id='word_1_29' title='bbox 284 674 453 754; x_wconf 76' lang='lat' dir='ltr'><strong>tamquam</strong></span> <span class='ocrx_word' id='word_1_30' title='bbox 480 691 540 753; x_wconf 89' lang='lat' dir='ltr'>pro</span> <span class='ocrx_word' id='word_1_31' title='bbox 571 668 700 753; x_wconf 86' lang='lat' dir='ltr'>iuvene,</span> <span class='ocrx_word' id='word_1_32' title='bbox 729 667 795 733; x_wconf 85' lang='lat' dir='ltr'>dixi</span> <span class='ocrx_word' id='word_1_33' title='bbox 823 671 993 754; x_wconf 78' lang='lat' dir='ltr'>tamquam</span> <span class='ocrx_word' id='word_1_34' title='bbox 1016 689 1076 752; x_wconf 90' lang='lat' dir='ltr'>pro</span> 
     </span>
     <span class='ocr_line' id='line_1_7' title="bbox 113 757 1077 843; baseline -0.002 -18"><span class='ocrx_word' id='word_1_35' title='bbox 113 760 245 825; x_wconf 82' lang='lat' dir='ltr'>marito:</span> <span class='ocrx_word' id='word_1_36' title='bbox 268 759 440 824; x_wconf 80' lang='lat' dir='ltr'>dicendum</span> <span class='ocrx_word' id='word_1_37' title='bbox 463 762 513 823; x_wconf 88' lang='lat' dir='ltr'>est</span> <span class='ocrx_word' id='word_1_38' title='bbox 535 761 701 842; x_wconf 82' lang='lat' dir='ltr'>tamquam</span> <span class='ocrx_word' id='word_1_39' title='bbox 724 780 783 843; x_wconf 90' lang='lat' dir='ltr'>pro</span> <span class='ocrx_word' id='word_1_40' title='bbox 806 757 972 843; x_wconf 89' lang='lat' dir='ltr'>inpubere.</span> <span class='ocrx_word' id='word_1_41' title='bbox 1009 778 1077 823; x_wconf 89' lang='lat' dir='ltr'>non</span> 
     </span>
     <span class='ocr_line' id='line_1_8' title="bbox 113 845 1076 931; baseline -0.001 -17"><span class='ocrx_word' id='word_1_42' title='bbox 113 871 165 914; x_wconf 88' lang='lat' dir='ltr'>me</span> <span class='ocrx_word' id='word_1_43' title='bbox 192 848 323 914; x_wconf 87' lang='lat' dir='ltr'>hercule</span> <span class='ocrx_word' id='word_1_44' title='bbox 346 848 425 914; x_wconf 86' lang='lat' dir='ltr'>satis</span> <span class='ocrx_word' id='word_1_45' title='bbox 449 847 647 913; x_wconf 80' lang='lat' dir='ltr'>constituere</span> <span class='ocrx_word' id='word_1_46' title='bbox 672 847 757 931; x_wconf 89' lang='lat' dir='ltr'>apud</span> <span class='ocrx_word' id='word_1_47' title='bbox 790 845 934 912; x_wconf 90' lang='lat' dir='ltr'>animum</span> <span class='ocrx_word' id='word_1_48' title='bbox 968 868 1076 913; x_wconf 88' lang='lat' dir='ltr'>meum</span> 
     </span>
     <span class='ocr_line' id='line_1_9' title="bbox 112 935 1075 1110; baseline -0.002 -19"><span class='ocrx_word' id='word_1_49' title='bbox 112 935 981 1093; x_wconf 50' lang='lat' dir='ltr'>{tutatatuditantia&amp;tta</span> <span class='ocrx_word' id='word_1_50' title='bbox 1000 957 1075 1110; x_wconf 60' lang='lat' dir='ltr'>{d</span> 
     </span>
    </p>

    <p class='ocr_par' dir='ltr' id='par_1_4' title="bbox 918 1075 927 1109">
     <span class='ocr_line' id='line_1_10' title="bbox 918 1075 927 1109; baseline 0 0"><span class='ocrx_word' id='word_1_51' title='bbox 918 1075 927 1109; x_wconf 73' lang='lat' dir='ltr'>i</span> 
     </span>
    </p>

    <p class='ocr_par' dir='ltr' id='par_1_5' title="bbox 61 1113 1076 1558">
     <span class='ocr_line' id='line_1_11' title="bbox 61 1113 1074 1202; baseline -0.004 -17"><span class='ocrx_word' id='word_1_52' title='bbox 61 1135 93 1185; x_wconf 90' lang='lat'>10</span> <span class='ocrx_word' id='word_1_53' title='bbox 112 1116 288 1201; x_wconf 80' lang='lat' dir='ltr'>extitisset,</span> <span class='ocrx_word' id='word_1_54' title='bbox 315 1115 370 1202; x_wconf 92' lang='lat' dir='ltr'>qui</span> <span class='ocrx_word' id='word_1_55' title='bbox 395 1115 530 1200; x_wconf 82' lang='lat' dir='ltr'>dioeret,</span> <span class='ocrx_word' id='word_1_56' title='bbox 557 1114 727 1181; x_wconf 78' lang='lat' dir='ltr'>»ooeidisti</span> <span class='ocrx_word' id='word_1_57' title='bbox 756 1113 905 1181; x_wconf 85' lang='lat' dir='ltr'>homines</span> <span class='ocrx_word' id='word_1_58' title='bbox 926 1114 1074 1181; x_wconf 91' lang='lat' dir='ltr'>nondum</span> 
     </span>
     <span class='ocr_line' id='line_1_12' title="bbox 114 1202 1076 1291; baseline 0 -21"><span class='ocrx_word' id='word_1_59' title='bbox 114 1206 261 1272; x_wconf 86' lang='lat' dir='ltr'>maritus.</span> <span class='ocrx_word' id='word_1_60' title='bbox 298 1205 512 1291; x_wconf 87' lang='lat' dir='ltr'>nequeenim</span> <span class='ocrx_word' id='word_1_61' title='bbox 534 1205 584 1270; x_wconf 87' lang='lat' dir='ltr'>vis</span> <span class='ocrx_word' id='word_1_62' title='bbox 607 1204 674 1270; x_wconf 87' lang='lat' dir='ltr'>ista</span> <span class='ocrx_word' id='word_1_63' title='bbox 695 1202 836 1270; x_wconf 87' lang='lat' dir='ltr'>nominis</span> <span class='ocrx_word' id='word_1_64' title='bbox 859 1203 995 1270; x_wconf 83' lang='lat' dir='ltr'>huiueoe</span> <span class='ocrx_word' id='word_1_65' title='bbox 1019 1226 1076 1289; x_wconf 89' lang='lat' dir='ltr'>ap·</span> 
     </span>
     <span class='ocr_line' id='line_1_13' title="bbox 112 1293 1075 1378; baseline 0 -18"><span class='ocrx_word' id='word_1_66' title='bbox 112 1295 288 1378; x_wconf 87' lang='lat' dir='ltr'>pellatione</span> <span class='ocrx_word' id='word_1_67' title='bbox 315 1295 423 1378; x_wconf 89' lang='lat' dir='ltr'>prima</span> <span class='ocrx_word' id='word_1_68' title='bbox 449 1293 613 1377; x_wconf 80' lang='lat' dir='ltr'>consist&#39;t,</span> <span class='ocrx_word' id='word_1_69' title='bbox 645 1315 703 1359; x_wconf 88' lang='lat' dir='ltr'>neo</span> <span class='ocrx_word' id='word_1_70' title='bbox 733 1293 814 1360; x_wconf 87' lang='lat' dir='ltr'>satis</span> <span class='ocrx_word' id='word_1_71' title='bbox 841 1297 892 1360; x_wconf 87' lang='lat' dir='ltr'>est</span> <span class='ocrx_word' id='word_1_72' title='bbox 919 1293 1075 1360; x_wconf 88' lang='lat' dir='ltr'>maritum</span> 
     </span>
     <span class='ocr_line' id='line_1_14' title="bbox 111 1381 1076 1468; baseline 0.004 -22"><span class='ocrx_word' id='word_1_73' title='bbox 111 1385 241 1447; x_wconf 86' lang='lat' dir='ltr'>tantum</span> <span class='ocrx_word' id='word_1_74' title='bbox 264 1383 376 1448; x_wconf 80' lang='lat' dir='ltr'>osculo</span> <span class='ocrx_word' id='word_1_75' title='bbox 399 1383 539 1468; x_wconf 75' lang='lat' dir='ltr'>putaris</span> <span class='ocrx_word' id='word_1_76' title='bbox 574 1386 690 1467; x_wconf 87' lang='lat' dir='ltr'>postea</span> <span class='ocrx_word' id='word_1_77' title='bbox 711 1381 830 1449; x_wconf 88' lang='lat' dir='ltr'>nudari</span> <span class='ocrx_word' id='word_1_78' title='bbox 852 1382 957 1449; x_wconf 90' lang='lat' dir='ltr'>filium</span> <span class='ocrx_word' id='word_1_79' title='bbox 976 1385 1076 1468; x_wconf 84' lang='lat' dir='ltr'>atque</span> 
     </span>
     <span class='ocr_line' id='line_1_15' title="bbox 112 1470 1075 1558; baseline 0.004 -22"><span class='ocrx_word' id='word_1_80' title='bbox 112 1471 147 1534; x_wconf 90' lang='lat' dir='ltr'>in</span> <span class='ocrx_word' id='word_1_81' title='bbox 161 1475 336 1556; x_wconf 82' lang='lat' dir='ltr'>conspeetu</span> <span class='ocrx_word' id='word_1_82' title='bbox 349 1470 492 1537; x_wconf 77' lang='lat' dir='ltr'>iudicum</span> <span class='ocrx_word' id='word_1_83' title='bbox 506 1472 661 1539; x_wconf 81' lang='lat' dir='ltr'>constitui</span> <span class='ocrx_word' id='word_1_84' title='bbox 675 1472 849 1558; x_wconf 81' lang='lat' dir='ltr'>oo&#39;e&#39;gisset3</span> <span class='ocrx_word' id='word_1_85' title='bbox 864 1475 961 1558; x_wconf 84' lang='lat' dir='ltr'>atque</span> <span class='ocrx_word' id='word_1_86' title='bbox 974 1472 1075 1540; x_wconf 88' lang='lat' dir='ltr'>inter-</span> 
     </span>
    </p>

    <p class='ocr_par' dir='ltr' id='par_1_6' title="bbox 59 1560 1075 1985">
     <span class='ocr_line' id='line_1_16' title="bbox 59 1560 1074 1647; baseline 0.004 -19"><span class='ocrx_word' id='word_1_87' title='bbox 59 1577 92 1628; x_wconf 76' lang='grc'>15</span> <span class='ocrx_word' id='word_1_88' title='bbox 111 1564 256 1646; x_wconf 83' lang='lat' dir='ltr'>rogaret,</span> <span class='ocrx_word' id='word_1_89' title='bbox 284 1582 326 1626; x_wconf 87' lang='lat' dir='ltr'>en</span> <span class='ocrx_word' id='word_1_90' title='bbox 348 1560 405 1626; x_wconf 88' lang='lat' dir='ltr'>ille</span> <span class='ocrx_word' id='word_1_91' title='bbox 429 1561 565 1627; x_wconf 83' lang='lat' dir='ltr'>maritus</span> <span class='ocrx_word' id='word_1_92' title='bbox 589 1564 688 1646; x_wconf 82' lang='lat' dir='ltr'>esset,</span> <span class='ocrx_word' id='word_1_93' title='bbox 715 1561 772 1647; x_wconf 93' lang='lat' dir='ltr'>qui</span> <span class='ocrx_word' id='word_1_94' title='bbox 794 1561 866 1628; x_wconf 84' lang='lat' dir='ltr'>fieri</span> <span class='ocrx_word' id='word_1_95' title='bbox 887 1565 983 1646; x_wconf 90' lang='lat' dir='ltr'>pater</span> <span class='ocrx_word' id='word_1_96' title='bbox 1006 1584 1074 1633; x_wconf 86' lang='lat' dir='ltr'>non</span> 
     </span>
     <span class='ocr_line' id='line_1_17' title="bbox 110 1647 1075 1737; baseline 0.004 -23"><span class='ocrx_word' id='word_1_97' title='bbox 110 1652 231 1736; x_wconf 85' lang='lat' dir='ltr'>posset.</span> <span class='ocrx_word' id='word_1_98' title='bbox 256 1650 305 1715; x_wconf 86' lang='lat' dir='ltr'>Ao</span> <span class='ocrx_word' id='word_1_99' title='bbox 323 1649 496 1716; x_wconf 87' lang='lat' dir='ltr'>sitantum</span> <span class='ocrx_word' id='word_1_100' title='bbox 514 1651 573 1737; x_wconf 88' lang='lat' dir='ltr'>illi,</span> <span class='ocrx_word' id='word_1_101' title='bbox 591 1654 760 1736; x_wconf 86' lang='lat' dir='ltr'>tamquam</span> <span class='ocrx_word' id='word_1_102' title='bbox 780 1650 938 1732; x_wconf 83' lang='lat' dir='ltr'>adultero,</span> <span class='ocrx_word' id='word_1_103' title='bbox 957 1647 1075 1718; x_wconf 79' lang='lat' dir='ltr'>ireseu-</span> 
     </span>
     <span class='ocr_line' id='line_1_18' title="bbox 110 1739 1073 1824; baseline 0.005 -21"><span class='ocrx_word' id='word_1_104' title='bbox 110 1739 200 1824; x_wconf 87' lang='lat' dir='ltr'>reris,</span> <span class='ocrx_word' id='word_1_105' title='bbox 219 1739 300 1804; x_wconf 89' lang='lat' dir='ltr'>satis</span> <span class='ocrx_word' id='word_1_106' title='bbox 319 1743 389 1805; x_wconf 87' lang='lat' dir='ltr'>erat</span> <span class='ocrx_word' id='word_1_107' title='bbox 406 1739 469 1805; x_wconf 88' lang='lat' dir='ltr'>hoo</span> <span class='ocrx_word' id='word_1_108' title='bbox 487 1739 592 1805; x_wconf 78' lang='lat' dir='ltr'>disere</span> <span class='ocrx_word' id='word_1_109' title='bbox 610 1762 670 1824; x_wconf 89' lang='lat' dir='ltr'>pro</span> <span class='ocrx_word' id='word_1_110' title='bbox 686 1740 753 1807; x_wconf 88' lang='lat' dir='ltr'>filio</span> <span class='ocrx_word' id='word_1_111' title='bbox 767 1744 839 1806; x_wconf 90' lang='lat' dir='ltr'>tuo:</span> <span class='ocrx_word' id='word_1_112' title='bbox 863 1743 976 1824; x_wconf 71' lang='lat' dir='ltr'>apoto,</span> <span class='ocrx_word' id='word_1_113' title='bbox 993 1762 1073 1808; x_wconf 88' lang='lat' dir='ltr'>non-</span> 
     </span>
     <span class='ocr_line' id='line_1_19' title="bbox 111 1827 1072 1896; baseline 0.003 -3"><span class='ocrx_word' id='word_1_114' title='bbox 111 1827 187 1894; x_wconf 91' lang='lat' dir='ltr'>dum</span> <span class='ocrx_word' id='word_1_115' title='bbox 217 1828 360 1894; x_wconf 89' lang='lat' dir='ltr'>habebat</span> <span class='ocrx_word' id='word_1_116' title='bbox 382 1827 494 1894; x_wconf 86' lang='lat' dir='ltr'>mariti</span> <span class='ocrx_word' id='word_1_117' title='bbox 516 1829 670 1896; x_wconf 88' lang='lat' dir='ltr'>dolorem.</span> <span class='ocrx_word' id='word_1_118' title='bbox 711 1829 752 1895; x_wconf 86' lang='lat' dir='ltr'>ad</span> <span class='ocrx_word' id='word_1_119' title='bbox 775 1829 910 1895; x_wconf 79' lang='lat' dir='ltr'>vulnera</span> <span class='ocrx_word' id='word_1_120' title='bbox 932 1829 1072 1896; x_wconf 86' lang='lat' dir='ltr'>adulteri</span> 
     </span>
     <span class='ocr_line' id='line_1_20' title="bbox 111 1917 1074 1985; baseline 0.002 -3"><span class='ocrx_word' id='word_1_121' title='bbox 111 1920 143 1982; x_wconf 86' lang='lat' dir='ltr'>et</span> <span class='ocrx_word' id='word_1_122' title='bbox 167 1917 298 1984; x_wconf 84' lang='lat' dir='ltr'>eaedem</span> <span class='ocrx_word' id='word_1_123' title='bbox 321 1922 355 1983; x_wconf 89' lang='lat' dir='ltr'>et</span> <span class='ocrx_word' id='word_1_124' title='bbox 377 1918 603 1985; x_wconf 86' lang='lat' dir='ltr'>tristissimum</span> <span class='ocrx_word' id='word_1_125' title='bbox 625 1917 792 1985; x_wconf 85' lang='lat' dir='ltr'>oooideudi</span> <span class='ocrx_word' id='word_1_126' title='bbox 814 1919 955 1984; x_wconf 89' lang='lat' dir='ltr'>hominis</span> <span class='ocrx_word' id='word_1_127' title='bbox 980 1919 1074 1985; x_wconf 89' lang='lat' dir='ltr'>mini-</span> 
     </span>
    </p>

    <p class='ocr_par' dir='ltr' id='par_1_7' title="bbox 58 2002 1073 2452">
     <span class='ocr_line' id='line_1_21' title="bbox 58 2002 1073 2096; baseline 0.002 -23"><span class='ocrx_word' id='word_1_128' title='bbox 58 2008 246 2073; x_wconf 70' lang='lat' dir='ltr'>rosteriam</span> <span class='ocrx_word' id='word_1_129' title='bbox 269 2029 389 2094; x_wconf 81' lang='lat' dir='ltr'>magno</span> <span class='ocrx_word' id='word_1_130' title='bbox 413 2007 553 2093; x_wconf 88' lang='lat' dir='ltr'>quodam</span> <span class='ocrx_word' id='word_1_131' title='bbox 576 2007 699 2094; x_wconf 87' lang='lat' dir='ltr'>impetu</span> <span class='ocrx_word' id='word_1_132' title='bbox 723 2013 756 2075; x_wconf 90' lang='lat' dir='ltr'>et</span> <span class='ocrx_word' id='word_1_133' title='bbox 778 2002 831 2095; x_wconf 87' lang='lat' dir='ltr'>(ut</span> <span class='ocrx_word' id='word_1_134' title='bbox 854 2008 901 2074; x_wconf 87' lang='lat' dir='ltr'>sio</span> <span class='ocrx_word' id='word_1_135' title='bbox 919 2006 1073 2096; x_wconf 85' lang='lat' dir='ltr'>dixerim)</span> 
     </span>
     <span class='ocr_line' id='line_1_22' title="bbox 110 2093 1072 2182; baseline 0.007 -23"><span class='ocrx_word' id='word_1_136' title='bbox 110 2093 219 2160; x_wconf 86' lang='lat' dir='ltr'>furore</span> <span class='ocrx_word' id='word_1_137' title='bbox 243 2117 324 2180; x_wconf 92' lang='lat' dir='ltr'>opus</span> <span class='ocrx_word' id='word_1_138' title='bbox 348 2100 407 2163; x_wconf 89' lang='lat' dir='ltr'>est.</span> <span class='ocrx_word' id='word_1_139' title='bbox 438 2118 497 2162; x_wconf 89' lang='lat' dir='ltr'>neo</span> <span class='ocrx_word' id='word_1_140' title='bbox 519 2097 621 2163; x_wconf 90' lang='lat' dir='ltr'>miror</span> <span class='ocrx_word' id='word_1_141' title='bbox 644 2119 698 2163; x_wconf 88' lang='lat' dir='ltr'>eos</span> <span class='ocrx_word' id='word_1_142' title='bbox 718 2098 884 2182; x_wconf 84' lang='lat' dir='ltr'>oonoituri,</span> <span class='ocrx_word' id='word_1_143' title='bbox 907 2098 963 2182; x_wconf 90' lang='lat' dir='ltr'>qui</span> <span class='ocrx_word' id='word_1_144' title='bbox 985 2101 1072 2166; x_wconf 82' lang='lat' dir='ltr'>rete·</span> 
     </span>
     <span class='ocr_line' id='line_1_23' title="bbox 110 2185 1072 2272; baseline 0.006 -24"><span class='ocrx_word' id='word_1_145' title='bbox 110 2204 178 2248; x_wconf 91' lang='lat' dir='ltr'>rem</span> <span class='ocrx_word' id='word_1_146' title='bbox 201 2185 402 2251; x_wconf 85' lang='lat' dir='ltr'>matrimonii</span> <span class='ocrx_word' id='word_1_147' title='bbox 426 2187 701 2271; x_wconf 82' lang='lat' dir='ltr'>cousuetudinem,</span> <span class='ocrx_word' id='word_1_148' title='bbox 725 2188 781 2272; x_wconf 92' lang='lat' dir='ltr'>qui</span> <span class='ocrx_word' id='word_1_149' title='bbox 803 2186 962 2272; x_wconf 88' lang='lat' dir='ltr'>pudorem</span> <span class='ocrx_word' id='word_1_150' title='bbox 983 2188 1072 2255; x_wconf 84' lang='lat' dir='ltr'>oubi-</span> 
     </span>
     <span class='ocr_line' id='line_1_24' title="bbox 110 2273 1071 2362; baseline 0.007 -25"><span class='ocrx_word' id='word_1_151' title='bbox 110 2273 183 2357; x_wconf 85' lang='lat' dir='ltr'>ouli,</span> <span class='ocrx_word' id='word_1_152' title='bbox 206 2273 263 2359; x_wconf 93' lang='lat' dir='ltr'>qui</span> <span class='ocrx_word' id='word_1_153' title='bbox 287 2295 377 2358; x_wconf 88' lang='lat' dir='ltr'>spem</span> <span class='ocrx_word' id='word_1_154' title='bbox 400 2273 576 2341; x_wconf 89' lang='lat' dir='ltr'>liberorum</span> <span class='ocrx_word' id='word_1_155' title='bbox 598 2281 817 2362; x_wconf 80' lang='lat' dir='ltr'>expugnatam</span> <span class='ocrx_word' id='word_1_156' title='bbox 836 2288 906 2343; x_wconf 85' lang='lat' dir='ltr'>esse</span> <span class='ocrx_word' id='word_1_157' title='bbox 925 2277 1071 2362; x_wconf 82' lang='lat' dir='ltr'>eredunt,</span> 
     </span>
     <span class='ocr_line' id='line_1_25' title="bbox 109 2361 1070 2452; baseline 0.007 -25"><span class='ocrx_word' id='word_1_158' title='bbox 109 2361 165 2446; x_wconf 93' lang='lat' dir='ltr'>qui</span> <span class='ocrx_word' id='word_1_159' title='bbox 200 2361 276 2430; x_wconf 88' lang='lat' dir='ltr'>illos</span> <span class='ocrx_word' id='word_1_160' title='bbox 314 2363 459 2430; x_wconf 86' lang='lat' dir='ltr'>oooultos</span> <span class='ocrx_word' id='word_1_161' title='bbox 496 2367 593 2450; x_wconf 84' lang='lat' dir='ltr'>atque</span> <span class='ocrx_word' id='word_1_162' title='bbox 629 2365 864 2432; x_wconf 83' lang='lat' dir='ltr'>inenarrabiles</span> <span class='ocrx_word' id='word_1_163' title='bbox 899 2365 1070 2452; x_wconf 86' lang='lat' dir='ltr'>patiuntur</span> 
     </span>
    </p>

    <p class='ocr_par' dir='ltr' id='par_1_8' title="bbox 55 2455 1070 2630">
     <span class='ocr_line' id='line_1_26' title="bbox 55 2455 1070 2541; baseline 0.006 -24"><span class='ocrx_word' id='word_1_164' title='bbox 55 2467 89 2518; x_wconf 79' lang='lat'>25</span> <span class='ocrx_word' id='word_1_165' title='bbox 109 2456 232 2519; x_wconf 84' lang='lat' dir='ltr'>aestus:</span> <span class='ocrx_word' id='word_1_166' title='bbox 255 2475 320 2521; x_wconf 89' lang='lat' dir='ltr'>nou</span> <span class='ocrx_word' id='word_1_167' title='bbox 344 2456 454 2538; x_wconf 87' lang='lat' dir='ltr'>potest</span> <span class='ocrx_word' id='word_1_168' title='bbox 474 2475 606 2520; x_wconf 88' lang='lat' dir='ltr'>uxorem</span> <span class='ocrx_word' id='word_1_169' title='bbox 625 2477 717 2521; x_wconf 85' lang='lat' dir='ltr'>suam</span> <span class='ocrx_word' id='word_1_170' title='bbox 735 2455 782 2522; x_wconf 84' lang='lat' dir='ltr'>sio</span> <span class='ocrx_word' id='word_1_171' title='bbox 800 2455 917 2540; x_wconf 82' lang='lat' dir='ltr'>odisse,</span> <span class='ocrx_word' id='word_1_172' title='bbox 940 2457 996 2541; x_wconf 89' lang='lat' dir='ltr'>qui</span> <span class='ocrx_word' id='word_1_173' title='bbox 1016 2456 1070 2523; x_wconf 87' lang='lat' dir='ltr'>ed·</span> 
     </span>
     <span class='ocr_line' id='line_1_27' title="bbox 107 2540 552 2630; baseline 0 -24"><span class='ocrx_word' id='word_1_174' title='bbox 107 2540 171 2607; x_wconf 86' lang='lat' dir='ltr'>huo</span> <span class='ocrx_word' id='word_1_175' title='bbox 194 2564 303 2608; x_wconf 89' lang='lat' dir='ltr'>amare</span> <span class='ocrx_word' id='word_1_176' title='bbox 324 2564 392 2609; x_wconf 90' lang='lat' dir='ltr'>non</span> <span class='ocrx_word' id='word_1_177' title='bbox 412 2544 552 2630; x_wconf 67' lang='lat' dir='ltr'>potuit«</span> 
     </span>
    </p>
   </div>
   <div class='ocr_carea' id='block_1_3' title="bbox 29 2648 1070 3094">
    <p class='ocr_par' dir='ltr' id='par_1_9' title="bbox 29 2648 1070 3004">
     <span class='ocr_line' id='line_1_28' title="bbox 174 2648 1070 2739; baseline 0.008 -26"><span class='ocrx_word' id='word_1_178' title='bbox 174 2648 300 2716; x_wconf 88' lang='lat' dir='ltr'>Verum</span> <span class='ocrx_word' id='word_1_179' title='bbox 322 2650 373 2715; x_wconf 92' lang='lat' dir='ltr'>illi</span> <span class='ocrx_word' id='word_1_180' title='bbox 396 2672 523 2736; x_wconf 89' lang='lat' dir='ltr'>quoque</span> <span class='ocrx_word' id='word_1_181' title='bbox 543 2651 629 2736; x_wconf 87' lang='lat' dir='ltr'>parti</span> <span class='ocrx_word' id='word_1_182' title='bbox 648 2653 904 2737; x_wconf 87' lang='lat' dir='ltr'>respondendum</span> <span class='ocrx_word' id='word_1_183' title='bbox 923 2657 982 2737; x_wconf 86' lang='lat' dir='ltr'>est,</span> <span class='ocrx_word' id='word_1_184' title='bbox 1005 2676 1070 2739; x_wconf 86' lang='lat' dir='ltr'>qua</span> 
     </span>
     <span class='ocr_line' id='line_1_29' title="bbox 107 2736 1070 2828; baseline 0.008 -27"><span class='ocrx_word' id='word_1_185' title='bbox 107 2736 334 2805; x_wconf 82' lang='lat' dir='ltr'>vindicandam</span> <span class='ocrx_word' id='word_1_186' title='bbox 357 2739 500 2825; x_wconf 87' lang='lat' dir='ltr'>priorem</span> <span class='ocrx_word' id='word_1_187' title='bbox 522 2741 674 2807; x_wconf 90' lang='lat' dir='ltr'>iniuriam</span> <span class='ocrx_word' id='word_1_188' title='bbox 696 2741 798 2808; x_wconf 82' lang='lat' dir='ltr'>fuisse</span> <span class='ocrx_word' id='word_1_189' title='bbox 821 2742 912 2826; x_wconf 83' lang='lat' dir='ltr'>dioit3</span> <span class='ocrx_word' id='word_1_190' title='bbox 941 2743 982 2808; x_wconf 89' lang='lat' dir='ltr'>de</span> <span class='ocrx_word' id='word_1_191' title='bbox 1004 2764 1070 2828; x_wconf 81' lang='lat' dir='ltr'>qua</span> 
     </span>
     <span class='ocr_line' id='line_1_30' title="bbox 29 2824 1068 2918; baseline 0.01 -30"><span class='ocrx_word' id='word_1_192' title='bbox 29 2855 34 2863; x_wconf 97' lang='lat'><em>·</em></span> <span class='ocrx_word' id='word_1_193' title='bbox 107 2824 212 2909; x_wconf 88' lang='lat' dir='ltr'>hodie,</span> <span class='ocrx_word' id='word_1_194' title='bbox 236 2827 311 2893; x_wconf 90' lang='lat' dir='ltr'>dum</span> <span class='ocrx_word' id='word_1_195' title='bbox 334 2828 473 2911; x_wconf 80' lang='lat' dir='ltr'>abdicat,</span> <span class='ocrx_word' id='word_1_196' title='bbox 502 2830 608 2896; x_wconf 88' lang='lat' dir='ltr'>multa</span> <span class='ocrx_word' id='word_1_197' title='bbox 630 2830 838 2898; x_wconf 86' lang='lat' dir='ltr'>vehementer</span> <span class='ocrx_word' id='word_1_198' title='bbox 860 2833 1068 2918; x_wconf 81' lang='lat' dir='ltr'>graviterque</span> 
     </span>
     <span class='ocr_line' id='line_1_31' title="bbox 53 2913 1068 3004; baseline 0.01 -25"><span class='ocrx_word' id='word_1_199' title='bbox 53 2930 87 2979; x_wconf 81' lang='lat'>30</span> <span class='ocrx_word' id='word_1_200' title='bbox 107 2913 200 2981; x_wconf 88' lang='lat' dir='ltr'>dixit:</span> <span class='ocrx_word' id='word_1_201' title='bbox 229 2938 301 2981; x_wconf 89' lang='lat' dir='ltr'>oum</span> <span class='ocrx_word' id='word_1_202' title='bbox 324 2917 431 3004; x_wconf 85' lang='lat' dir='ltr'>fieret,</span> <span class='ocrx_word' id='word_1_203' title='bbox 458 2919 597 2984; x_wconf 86' lang='lat' dir='ltr'>tacebat.</span> <span class='ocrx_word' id='word_1_204' title='bbox 642 2942 708 2986; x_wconf 91' lang='lat' dir='ltr'>non</span> <span class='ocrx_word' id='word_1_205' title='bbox 731 2921 880 2987; x_wconf 88' lang='lat' dir='ltr'>existimo</span> <span class='ocrx_word' id='word_1_206' title='bbox 905 2922 985 2988; x_wconf 89' lang='lat' dir='ltr'>adeo</span> <span class='ocrx_word' id='word_1_207' title='bbox 1008 2922 1068 2988; x_wconf 89' lang='lat' dir='ltr'>ini·</span> 
     </span>
    </p>

    <p class='ocr_par' dir='ltr' id='par_1_10' title="bbox 105 3003 1067 3094">
     <span class='ocr_line' id='line_1_32' title="bbox 105 3003 1067 3094; baseline 0.009 -26"><span class='ocrx_word' id='word_1_208' title='bbox 105 3003 224 3069; x_wconf 87' lang='lat' dir='ltr'>micum</span> <span class='ocrx_word' id='word_1_209' title='bbox 253 3004 322 3070; x_wconf 91' lang='lat' dir='ltr'>filio</span> <span class='ocrx_word' id='word_1_210' title='bbox 351 3028 409 3072; x_wconf 89' lang='lat' dir='ltr'>suo</span> <span class='ocrx_word' id='word_1_211' title='bbox 438 3011 578 3091; x_wconf 88' lang='lat' dir='ltr'>patrem,</span> <span class='ocrx_word' id='word_1_212' title='bbox 607 3010 754 3094; x_wconf 86' lang='lat' dir='ltr'>quamvis</span> <span class='ocrx_word' id='word_1_213' title='bbox 778 3009 919 3093; x_wconf 83' lang='lat' dir='ltr'>abdicet,</span> <span class='ocrx_word' id='word_1_214' title='bbox 948 3016 985 3076; x_wconf 92' lang='lat' dir='ltr'>ut</span> <span class='ocrx_word' id='word_1_215' title='bbox 1008 3011 1067 3077; x_wconf 88' lang='lat' dir='ltr'>ali·</span> 
     </span>
    </p>
   </div>
   <div class='ocr_carea' id='block_1_4' title="bbox 104 3182 1066 3498">
    <p class='ocr_par' dir='ltr' id='par_1_11' title="bbox 104 3182 1066 3498">
     <span class='ocr_line' id='line_1_33' title="bbox 178 3182 1066 3294; baseline 0.011 -25"><span class='ocrx_word' id='word_1_216' title='bbox 178 3182 192 3269; x_wconf 86' lang='grc'>1</span> <span class='ocrx_word' id='word_1_217' title='bbox 212 3214 404 3272; x_wconf 81' lang='lat' dir='ltr'>levioribusB</span> <span class='ocrx_word' id='word_1_218' title='bbox 427 3219 437 3286; x_wconf 74' lang='lat' dir='ltr'>ss</span> <span class='ocrx_word' id='word_1_219' title='bbox 457 3223 475 3272; x_wconf 83' lang='lat'>4</span> <span class='ocrx_word' id='word_1_220' title='bbox 493 3217 635 3276; x_wconf 80' lang='lat' dir='ltr'>vindicare</span> <span class='ocrx_word' id='word_1_221' title='bbox 654 3225 704 3274; x_wconf 73' lang='lat' dir='ltr'>AB</span> <span class='ocrx_word' id='word_1_222' title='bbox 727 3223 737 3291; x_wconf 91' lang='grc' dir='ltr'>ΙΙ</span> <span class='ocrx_word' id='word_1_223' title='bbox 759 3222 885 3292; x_wconf 88' lang='lat' dir='ltr'>possidet</span> <span class='ocrx_word' id='word_1_224' title='bbox 901 3228 943 3276; x_wconf 77' lang='lat' dir='ltr'>Aa</span> <span class='ocrx_word' id='word_1_225' title='bbox 960 3225 970 3294; x_wconf 92' lang='grc' dir='ltr'>ΙΙ</span> <span class='ocrx_word' id='word_1_226' title='bbox 988 3229 1004 3279; x_wconf 77' lang='grc' dir='ltr'>ὅ</span> <span class='ocrx_word' id='word_1_227' title='bbox 1023 3223 1066 3279; x_wconf 92' lang='lat' dir='ltr'>di·</span> 
     </span>
     <span class='ocr_line' id='line_1_34' title="bbox 104 3284 1065 3366; baseline 0.01 -25"><span class='ocrx_word' id='word_1_228' title='bbox 104 3284 146 3341; x_wconf 91' lang='lat' dir='ltr'>xit</span> <span class='ocrx_word' id='word_1_229' title='bbox 163 3290 184 3339; x_wconf 71' lang='lat' dir='ltr'>B</span> <span class='ocrx_word' id='word_1_230' title='bbox 202 3288 212 3357; x_wconf 83' lang='grc' dir='ltr'>ΙΙ</span> <span class='ocrx_word' id='word_1_231' title='bbox 231 3286 303 3343; x_wconf 86' lang='lat' dir='ltr'>dixit</span> <span class='ocrx_word' id='word_1_232' title='bbox 320 3289 394 3359; x_wconf 76' lang='grc' dir='ltr'><strong>ΒΙΙΒ</strong></span> <span class='ocrx_word' id='word_1_233' title='bbox 413 3289 527 3345; x_wconf 87' lang='lat' dir='ltr'>liouerit</span> <span class='ocrx_word' id='word_1_234' title='bbox 543 3290 686 3348; x_wconf 83' lang='lat' dir='ltr'>adulteros</span> <span class='ocrx_word' id='word_1_235' title='bbox 704 3296 724 3345; x_wconf 84' lang='lat' dir='ltr'>B</span> <span class='ocrx_word' id='word_1_236' title='bbox 743 3294 753 3362; x_wconf 70' lang='lat' dir='ltr'>fl</span> <span class='ocrx_word' id='word_1_237' title='bbox 772 3300 805 3349; x_wconf 90' lang='lat'>11</span> <span class='ocrx_word' id='word_1_238' title='bbox 824 3297 914 3349; x_wconf 77' lang='lat' dir='ltr'>neoB</span> <span class='ocrx_word' id='word_1_239' title='bbox 937 3297 948 3366; x_wconf 76' lang='grc' dir='ltr'>ΙΙ</span> <span class='ocrx_word' id='word_1_240' title='bbox 971 3302 1004 3350; x_wconf 88' lang='lat'>14</span> <span class='ocrx_word' id='word_1_241' title='bbox 1022 3295 1065 3352; x_wconf 90' lang='lat' dir='ltr'>iu·</span> 
     </span>
     <span class='ocr_line' id='line_1_35' title="bbox 104 3357 1065 3498; baseline 0.014 -87"><span class='ocrx_word' id='word_1_242' title='bbox 104 3357 255 3498; x_wconf 49' lang='lat' dir='ltr'>gqqiplmnt</span> <span class='ocrx_word' id='word_1_243' title='bbox 286 3362 296 3429; x_wconf 72' lang='grc'>1</span> <span class='ocrx_word' id='word_1_244' title='bbox 329 3365 362 3416; x_wconf 84' lang='grc'>18</span> <span class='ocrx_word' id='word_1_245' title='bbox 384 3361 531 3418; x_wconf 72' lang='lat' dir='ltr'>habeat?</span> <span class='ocrx_word' id='word_1_246' title='bbox 561 3363 571 3431; x_wconf 81' lang='grc' dir='ltr'>ΙΙ</span> <span class='ocrx_word' id='word_1_247' title='bbox 604 3368 637 3418; x_wconf 84' lang='grc'>19</span> <span class='ocrx_word' id='word_1_248' title='bbox 661 3364 825 3420; x_wconf 69' lang='lat' dir='ltr'>oeoiderin</span> <span class='ocrx_word' id='word_1_249' title='bbox 853 3367 863 3435; x_wconf 75' lang='grc' dir='ltr'>ΙΙ</span> <span class='ocrx_word' id='word_1_250' title='bbox 890 3371 923 3422; x_wconf 78' lang='grc'>17</span> <span class='ocrx_word' id='word_1_251' title='bbox 948 3367 1016 3438; x_wconf 85' lang='lat' dir='ltr'>quia</span> <span class='ocrx_word' id='word_1_252' title='bbox 1033 3373 1065 3440; x_wconf 75' lang='lat' dir='ltr'>A,</span> 
     </span>
    </p>
   </div>
   <div class='ocr_carea' id='block_1_5' title="bbox 0 0 1198 3816">
    <p class='ocr_par' dir='ltr' id='par_1_12' title="bbox 0 0 1198 3816">
     <span class='ocr_line' id='line_1_36' title="bbox 0 0 1198 3816; baseline 0 2"><span class='ocrx_word' id='word_1_253' title='bbox 0 0 1198 3816; x_wconf 95' lang='lat' dir='ltr'> </span> 
     </span>
    </p>
   </div>
  </div>
 </body>
</html>
