<?xml version="1.0" encoding="UTF-8"?>
<!DOCTYPE html PUBLIC "-//W3C//DTD XHTML 1.0 Transitional//EN"
    "http://www.w3.org/TR/xhtml1/DTD/xhtml1-transitional.dtd">
<html xmlns="http://www.w3.org/1999/xhtml" xml:lang="en" lang="en">
 <head>
  <title>
</title>
<meta http-equiv="Content-Type" content="text/html;charset=utf-8" />
  <meta name='ocr-system' content='tesseract 3.04.00' />
  <meta name='ocr-capabilities' content='ocr_page ocr_carea ocr_par ocr_line ocrx_word'/>
</head>
<body>
  <div class='ocr_page' id='page_1' title='image "./mfabiiquintilia01rittgoog_0172.png"; bbox 0 0 2386 3816; ppageno 0'>
   <div class='ocr_carea' id='block_1_1' title="bbox 343 115 1074 234">
    <p class='ocr_par' dir='ltr' id='par_1_1' title="bbox 343 115 1074 234">
     <span class='ocr_line' id='line_1_1' title="bbox 343 115 1074 234; baseline 0.015 -14"><span class='ocrx_word' id='word_1_1' title='bbox 343 163 662 223; x_wconf 78' lang='lat' dir='ltr'><strong>DECLAMATIONES.</strong></span> <span class='ocrx_word' id='word_1_2' title='bbox 683 115 868 227; x_wconf 64' lang='lat' dir='ltr'><strong>ccum„</strong></span> <span class='ocrx_word' id='word_1_3' title='bbox 1012 168 1074 234; x_wconf 81' lang='grc'><strong>137</strong></span> 
     </span>
    </p>
   </div>
   <div class='ocr_carea' id='block_1_2' title="bbox 107 328 1113 773">
    <p class='ocr_par' dir='ltr' id='par_1_2' title="bbox 107 328 1113 773">
     <span class='ocr_line' id='line_1_2' title="bbox 113 328 1078 417; baseline 0.001 -22"><span class='ocrx_word' id='word_1_4' title='bbox 113 328 236 414; x_wconf 79' lang='lat' dir='ltr'><strong>dicare,</strong></span> <span class='ocrx_word' id='word_1_5' title='bbox 263 329 351 394; x_wconf 86' lang='lat' dir='ltr'><strong>istud</strong></span> <span class='ocrx_word' id='word_1_6' title='bbox 378 330 465 417; x_wconf 91' lang='lat' dir='ltr'><strong>quod</strong></span> <span class='ocrx_word' id='word_1_7' title='bbox 499 329 578 397; x_wconf 84' lang='lat' dir='ltr'><strong>feeit</strong></span> <span class='ocrx_word' id='word_1_8' title='bbox 609 331 748 396; x_wconf 87' lang='lat' dir='ltr'><strong>maritus</strong></span> <span class='ocrx_word' id='word_1_9' title='bbox 778 331 954 397; x_wconf 81' lang='lat' dir='ltr'><strong>nonlicet.</strong></span> <span class='ocrx_word' id='word_1_10' title='bbox 999 332 1078 396; x_wconf 88' lang='lat' dir='ltr'><strong>alio·</strong></span> 
     </span>
     <span class='ocr_line' id='line_1_3' title="bbox 111 418 1077 504; baseline -0.001 -19"><span class='ocrx_word' id='word_1_11' title='bbox 111 420 171 504; x_wconf 88' lang='lat' dir='ltr'><strong>qui</strong></span> <span class='ocrx_word' id='word_1_12' title='bbox 193 419 281 484; x_wconf 90' lang='lat' dir='ltr'><strong>enim</strong></span> <span class='ocrx_word' id='word_1_13' title='bbox 302 418 508 485; x_wconf 74' lang='lat' dir='ltr'><strong>tolerabilius</strong></span> <span class='ocrx_word' id='word_1_14' title='bbox 532 423 565 484; x_wconf 88' lang='lat' dir='ltr'><strong>et</strong></span> <span class='ocrx_word' id='word_1_15' title='bbox 587 424 673 485; x_wconf 85' lang='lat' dir='ltr'><strong>certe</strong></span> <span class='ocrx_word' id='word_1_16' title='bbox 695 419 870 485; x_wconf 79' lang='lat' dir='ltr'><strong>humanius</strong></span> <span class='ocrx_word' id='word_1_17' title='bbox 889 426 968 504; x_wconf 90' lang='lat' dir='ltr'><strong>erat,</strong></span> <span class='ocrx_word' id='word_1_18' title='bbox 992 419 1077 487; x_wconf 86' lang='lat' dir='ltr'><strong>arbi-</strong></span> 
     </span>
     <span class='ocr_line' id='line_1_4' title="bbox 107 507 1077 595; baseline -0.003 -18"><span class='ocrx_word' id='word_1_19' title='bbox 107 509 213 577; x_wconf 82' lang='lat' dir='ltr'><strong>trium</strong></span> <span class='ocrx_word' id='word_1_20' title='bbox 244 507 307 574; x_wconf 82' lang='lat' dir='ltr'><strong>vel</strong></span> <span class='ocrx_word' id='word_1_21' title='bbox 331 507 497 575; x_wconf 85' lang='lat' dir='ltr'><strong>oooidendi</strong></span> <span class='ocrx_word' id='word_1_22' title='bbox 530 507 668 575; x_wconf 86' lang='lat' dir='ltr'><strong>adulteri</strong></span> <span class='ocrx_word' id='word_1_23' title='bbox 700 508 752 575; x_wconf 85' lang='lat' dir='ltr'><strong>vel</strong></span> <span class='ocrx_word' id='word_1_24' title='bbox 781 514 914 594; x_wconf 84' lang='lat' dir='ltr'><strong>aooepta</strong></span> <span class='ocrx_word' id='word_1_25' title='bbox 939 510 1077 595; x_wconf 85' lang='lat' dir='ltr'><strong>pecunia</strong></span> 
     </span>
     <span class='ocr_line' id='line_1_5' title="bbox 109 597 1076 683; baseline 0 -20"><span class='ocrx_word' id='word_1_26' title='bbox 109 597 301 663; x_wconf 87' lang='lat' dir='ltr'><strong>dimittendi</strong></span> <span class='ocrx_word' id='word_1_27' title='bbox 319 597 492 664; x_wconf 73' lang='lat' dir='ltr'><strong>transferri</strong></span> <span class='ocrx_word' id='word_1_28' title='bbox 507 598 547 663; x_wconf 85' lang='lat' dir='ltr'><strong>ad</strong></span> <span class='ocrx_word' id='word_1_29' title='bbox 561 602 683 683; x_wconf 84' lang='lat' dir='ltr'><strong>patres,</strong></span> <span class='ocrx_word' id='word_1_30' title='bbox 702 599 857 683; x_wconf 87' lang='lat' dir='ltr'><strong>quoniam</strong></span> <span class='ocrx_word' id='word_1_31' title='bbox 875 601 960 664; x_wconf 83' lang='lat' dir='ltr'><strong>certe</strong></span> <span class='ocrx_word' id='word_1_32' title='bbox 974 599 1076 665; x_wconf 85' lang='lat' dir='ltr'><strong>levius</strong></span> 
     </span>
     <span class='ocr_line' id='line_1_6' title="bbox 112 686 1113 773; baseline 0.001 -21"><span class='ocrx_word' id='word_1_33' title='bbox 112 692 168 753; x_wconf 87' lang='lat' dir='ltr'><strong>est</strong></span> <span class='ocrx_word' id='word_1_34' title='bbox 189 690 300 761; x_wconf 73' lang='lat' dir='ltr'><strong>uetare</strong></span> <span class='ocrx_word' id='word_1_35' title='bbox 324 686 443 772; x_wconf 79' lang='lat' dir='ltr'><strong>aliqua,</strong></span> <span class='ocrx_word' id='word_1_36' title='bbox 467 709 565 772; x_wconf 85' lang='lat' dir='ltr'><strong>quam</strong></span> <span class='ocrx_word' id='word_1_37' title='bbox 587 687 711 773; x_wconf 89' lang='lat' dir='ltr'><strong>punire.</strong></span> <span class='ocrx_word' id='word_1_38' title='bbox 1096 704 1113 753; x_wconf 77' lang='lat'><strong>5</strong></span> 
     </span>
    </p>
   </div>
   <div class='ocr_carea' id='block_1_3' title="bbox 109 809 1162 2949">
    <p class='ocr_par' dir='ltr' id='par_1_3' title="bbox 109 809 1162 2949">
     <span class='ocr_line' id='line_1_7' title="bbox 180 809 1077 898; baseline -0.001 -21"><span class='ocrx_word' id='word_1_39' title='bbox 180 809 236 877; x_wconf 84' lang='lat' dir='ltr'><strong>Sia</strong></span> <span class='ocrx_word' id='word_1_40' title='bbox 263 811 501 897; x_wconf 72' lang='lat' dir='ltr'><strong>defenderetur,</strong></span> <span class='ocrx_word' id='word_1_41' title='bbox 529 813 557 878; x_wconf 88' lang='lat' dir='ltr'><strong>si</strong></span> <span class='ocrx_word' id='word_1_42' title='bbox 584 813 653 878; x_wconf 86' lang='lat' dir='ltr'><strong>iure</strong></span> <span class='ocrx_word' id='word_1_43' title='bbox 676 816 784 878; x_wconf 80' lang='lat' dir='ltr'><strong>tecum</strong></span> <span class='ocrx_word' id='word_1_44' title='bbox 809 816 929 898; x_wconf 86' lang='lat' dir='ltr'><strong>ageret.</strong></span> <span class='ocrx_word' id='word_1_45' title='bbox 974 813 1077 897; x_wconf 75' lang='lat' dir='ltr'><strong>ipsius</strong></span> 
     </span>
     <span class='ocr_line' id='line_1_8' title="bbox 109 900 1076 968; baseline -0.002 0"><span class='ocrx_word' id='word_1_46' title='bbox 109 923 192 968; x_wconf 73' lang='lat' dir='ltr'><strong>uero</strong></span> <span class='ocrx_word' id='word_1_47' title='bbox 220 900 301 967; x_wconf 84' lang='lat' dir='ltr'><strong>faeti</strong></span> <span class='ocrx_word' id='word_1_48' title='bbox 328 901 381 967; x_wconf 80' lang='lat' dir='ltr'><strong>vel</strong></span> <span class='ocrx_word' id='word_1_49' title='bbox 406 902 469 967; x_wconf 89' lang='lat' dir='ltr'><strong>hoo</strong></span> <span class='ocrx_word' id='word_1_50' title='bbox 491 901 593 968; x_wconf 89' lang='lat' dir='ltr'><strong>modo</strong></span> <span class='ocrx_word' id='word_1_51' title='bbox 622 902 782 968; x_wconf 87' lang='lat' dir='ltr'><strong>rationem</strong></span> <span class='ocrx_word' id='word_1_52' title='bbox 807 902 902 968; x_wconf 86' lang='lat' dir='ltr'><strong>facile</strong></span> <span class='ocrx_word' id='word_1_53' title='bbox 924 900 1076 966; x_wconf 83' lang='lat' dir='ltr'><strong>reddidis-</strong></span> 
     </span>
     <span class='ocr_line' id='line_1_9' title="bbox 111 991 1078 1077; baseline -0.002 -20"><span class='ocrx_word' id='word_1_54' title='bbox 111 1012 200 1057; x_wconf 87' lang='lat' dir='ltr'><strong>sem:</strong></span> <span class='ocrx_word' id='word_1_55' title='bbox 222 1012 289 1057; x_wconf 91' lang='lat' dir='ltr'><strong>non</strong></span> <span class='ocrx_word' id='word_1_56' title='bbox 311 993 362 1056; x_wconf 89' lang='lat' dir='ltr'><strong>est</strong></span> <span class='ocrx_word' id='word_1_57' title='bbox 384 991 470 1058; x_wconf 83' lang='lat' dir='ltr'><strong>istud</strong></span> <span class='ocrx_word' id='word_1_58' title='bbox 494 994 597 1077; x_wconf 87' lang='lat' dir='ltr'><strong>turpe,</strong></span> <span class='ocrx_word' id='word_1_59' title='bbox 621 991 707 1076; x_wconf 88' lang='lat' dir='ltr'><strong>quod</strong></span> <span class='ocrx_word' id='word_1_60' title='bbox 729 992 783 1056; x_wconf 87' lang='lat' dir='ltr'><strong>lex</strong></span> <span class='ocrx_word' id='word_1_61' title='bbox 805 991 976 1075; x_wconf 84' lang='lat' dir='ltr'><strong>permittit.</strong></span> <span class='ocrx_word' id='word_1_62' title='bbox 1007 1012 1078 1074; x_wconf 88' lang='lat' dir='ltr'><strong>„ao-</strong></span> 
     </span>
     <span class='ocr_line' id='line_1_10' title="bbox 112 1078 1079 1164; baseline -0.001 -19"><span class='ocrx_word' id='word_1_63' title='bbox 112 1083 212 1164; x_wconf 84' lang='lat' dir='ltr'><strong>oepta</strong></span> <span class='ocrx_word' id='word_1_64' title='bbox 232 1079 371 1164; x_wconf 82' lang='lat' dir='ltr'><strong>pecunia</strong></span> <span class='ocrx_word' id='word_1_65' title='bbox 394 1079 577 1146; x_wconf 85' lang='lat' dir='ltr'><strong>dimisisti.“</strong></span> <span class='ocrx_word' id='word_1_66' title='bbox 597 1079 662 1145; x_wconf 90' lang='lat' dir='ltr'><strong>nisi</strong></span> <span class='ocrx_word' id='word_1_67' title='bbox 681 1083 856 1164; x_wconf 85' lang='lat' dir='ltr'><strong>oporteret,</strong></span> <span class='ocrx_word' id='word_1_68' title='bbox 877 1100 938 1146; x_wconf 89' lang='lat' dir='ltr'><strong>neo</strong></span> <span class='ocrx_word' id='word_1_69' title='bbox 956 1078 1079 1146; x_wconf 81' lang='lat' dir='ltr'><strong>liceret.</strong></span> 
     </span>
     <span class='ocr_line' id='line_1_11' title="bbox 112 1168 1132 1255; baseline -0.003 -21"><span class='ocrx_word' id='word_1_70' title='bbox 112 1190 160 1234; x_wconf 85' lang='lat' dir='ltr'><strong>an</strong></span> <span class='ocrx_word' id='word_1_71' title='bbox 180 1190 266 1235; x_wconf 77' lang='lat' dir='ltr'><strong>uero</strong></span> <span class='ocrx_word' id='word_1_72' title='bbox 287 1190 405 1255; x_wconf 84' lang='lat' dir='ltr'><strong>parum</strong></span> <span class='ocrx_word' id='word_1_73' title='bbox 427 1170 533 1234; x_wconf 85' lang='lat' dir='ltr'><strong>saneti</strong></span> <span class='ocrx_word' id='word_1_74' title='bbox 555 1169 607 1235; x_wconf 92' lang='lat' dir='ltr'><strong>illi</strong></span> <span class='ocrx_word' id='word_1_75' title='bbox 629 1168 783 1234; x_wconf 81' lang='lat' dir='ltr'><strong>videntur</strong></span> <span class='ocrx_word' id='word_1_76' title='bbox 804 1169 905 1235; x_wconf 83' lang='lat' dir='ltr'><strong>fuisse</strong></span> <span class='ocrx_word' id='word_1_77' title='bbox 929 1168 1078 1252; x_wconf 88' lang='lat' dir='ltr'><strong>maiores,</strong></span> <span class='ocrx_word' id='word_1_78' title='bbox 1099 1182 1132 1232; x_wconf 88' lang='lat'><strong>10</strong></span> 
     </span>
     <span class='ocr_line' id='line_1_12' title="bbox 111 1257 1080 1345; baseline -0.001 -21"><span class='ocrx_word' id='word_1_79' title='bbox 111 1258 165 1324; x_wconf 94' lang='lat' dir='ltr'><strong>illi</strong></span> <span class='ocrx_word' id='word_1_80' title='bbox 196 1259 427 1324; x_wconf 77' lang='lat' dir='ltr'><strong>constitutores</strong></span> <span class='ocrx_word' id='word_1_81' title='bbox 459 1259 553 1341; x_wconf 87' lang='lat' dir='ltr'><strong>iuris,</strong></span> <span class='ocrx_word' id='word_1_82' title='bbox 587 1259 641 1345; x_wconf 91' lang='lat' dir='ltr'><strong>qui</strong></span> <span class='ocrx_word' id='word_1_83' title='bbox 676 1257 826 1323; x_wconf 81' lang='lat' dir='ltr'><strong>civitates</strong></span> <span class='ocrx_word' id='word_1_84' title='bbox 855 1257 960 1323; x_wconf 88' lang='lat' dir='ltr'><strong>adhue</strong></span> <span class='ocrx_word' id='word_1_85' title='bbox 989 1258 1080 1323; x_wconf 86' lang='lat' dir='ltr'><strong>velut</strong></span> 
     </span>
     <span class='ocr_line' id='line_1_13' title="bbox 113 1346 1078 1432; baseline -0.002 -19"><span class='ocrx_word' id='word_1_86' title='bbox 113 1346 251 1432; x_wconf 73' lang='lat' dir='ltr'><strong>antiquo</strong></span> <span class='ocrx_word' id='word_1_87' title='bbox 274 1347 333 1413; x_wconf 92' lang='lat' dir='ltr'><strong>illo</strong></span> <span class='ocrx_word' id='word_1_88' title='bbox 357 1368 465 1412; x_wconf 85' lang='lat' dir='ltr'><strong>errore</strong></span> <span class='ocrx_word' id='word_1_89' title='bbox 489 1348 639 1413; x_wconf 83' lang='lat' dir='ltr'><strong>confusas</strong></span> <span class='ocrx_word' id='word_1_90' title='bbox 664 1347 703 1412; x_wconf 88' lang='lat' dir='ltr'><strong>ad</strong></span> <span class='ocrx_word' id='word_1_91' title='bbox 724 1351 847 1413; x_wconf 82' lang='lat' dir='ltr'><strong>certam</strong></span> <span class='ocrx_word' id='word_1_92' title='bbox 864 1346 996 1413; x_wconf 82' lang='lat' dir='ltr'><strong>vivendi</strong></span> <span class='ocrx_word' id='word_1_93' title='bbox 1015 1347 1078 1412; x_wconf 84' lang='lat' dir='ltr'><strong>for·</strong></span> 
     </span>
     <span class='ocr_line' id='line_1_14' title="bbox 114 1436 1079 1522; baseline -0.001 -20"><span class='ocrx_word' id='word_1_94' title='bbox 114 1456 207 1502; x_wconf 89' lang='lat' dir='ltr'><strong>mam</strong></span> <span class='ocrx_word' id='word_1_95' title='bbox 229 1436 446 1522; x_wconf 80' lang='lat' dir='ltr'><strong>redegerunt?</strong></span> <span class='ocrx_word' id='word_1_96' title='bbox 487 1437 553 1502; x_wconf 88' lang='lat' dir='ltr'><strong>illis</strong></span> <span class='ocrx_word' id='word_1_97' title='bbox 581 1458 648 1503; x_wconf 89' lang='lat' dir='ltr'><strong>non</strong></span> <span class='ocrx_word' id='word_1_98' title='bbox 676 1440 726 1503; x_wconf 84' lang='lat' dir='ltr'><strong>est</strong></span> <span class='ocrx_word' id='word_1_99' title='bbox 754 1437 861 1508; x_wconf 79' lang='lat' dir='ltr'><strong>uisum</strong></span> <span class='ocrx_word' id='word_1_100' title='bbox 882 1437 974 1502; x_wconf 86' lang='lat' dir='ltr'><strong>nefas</strong></span> <span class='ocrx_word' id='word_1_101' title='bbox 998 1437 1079 1501; x_wconf 85' lang='lat' dir='ltr'><strong>eooi-</strong></span> 
     </span>
     <span class='ocr_line' id='line_1_15' title="bbox 110 1525 1081 1613; baseline -0.003 -21"><span class='ocrx_word' id='word_1_102' title='bbox 110 1547 192 1613; x_wconf 87' lang='lat' dir='ltr'><strong>pere</strong></span> <span class='ocrx_word' id='word_1_103' title='bbox 223 1526 408 1610; x_wconf 85' lang='lat' dir='ltr'><strong>pecuniam,</strong></span> <span class='ocrx_word' id='word_1_104' title='bbox 447 1526 505 1591; x_wconf 85' lang='lat' dir='ltr'><strong>sed</strong></span> <span class='ocrx_word' id='word_1_105' title='bbox 537 1530 571 1591; x_wconf 89' lang='lat' dir='ltr'><strong>et</strong></span> <span class='ocrx_word' id='word_1_106' title='bbox 601 1526 687 1592; x_wconf 88' lang='lat' dir='ltr'><strong>hane</strong></span> <span class='ocrx_word' id='word_1_107' title='bbox 718 1526 848 1611; x_wconf 84' lang='lat' dir='ltr'><strong>plenam</strong></span> <span class='ocrx_word' id='word_1_108' title='bbox 876 1525 1081 1591; x_wconf 85' lang='lat' dir='ltr'><strong>animadver-</strong></span> 
     </span>
     <span class='ocr_line' id='line_1_16' title="bbox 114 1615 1132 1702; baseline -0.003 -21"><span class='ocrx_word' id='word_1_109' title='bbox 114 1615 237 1681; x_wconf 80' lang='lat' dir='ltr'><strong>sionem</strong></span> <span class='ocrx_word' id='word_1_110' title='bbox 268 1619 479 1702; x_wconf 79' lang='lat' dir='ltr'><strong>putaverunt3</strong></span> <span class='ocrx_word' id='word_1_111' title='bbox 526 1616 610 1681; x_wconf 88' lang='lat' dir='ltr'><strong>sieut</strong></span> <span class='ocrx_word' id='word_1_112' title='bbox 648 1617 802 1700; x_wconf 82' lang='lat' dir='ltr'><strong>pleraque</strong></span> <span class='ocrx_word' id='word_1_113' title='bbox 834 1615 955 1680; x_wconf 80' lang='lat' dir='ltr'><strong>delicta</strong></span> <span class='ocrx_word' id='word_1_114' title='bbox 987 1615 1132 1699; x_wconf 76' lang='lat' dir='ltr'><strong>puni-15</strong></span> 
     </span>
     <span class='ocr_line' id='line_1_17' title="bbox 111 1704 1080 1790; baseline -0.006 -18"><span class='ocrx_word' id='word_1_115' title='bbox 111 1715 228 1772; x_wconf 83' lang='lat' dir='ltr'><strong>untur:</strong></span> <span class='ocrx_word' id='word_1_116' title='bbox 253 1725 358 1788; x_wconf 89' lang='lat' dir='ltr'><strong>neque</strong></span> <span class='ocrx_word' id='word_1_117' title='bbox 386 1705 473 1771; x_wconf 88' lang='lat' dir='ltr'><strong>enim</strong></span> <span class='ocrx_word' id='word_1_118' title='bbox 501 1726 628 1790; x_wconf 86' lang='lat' dir='ltr'><strong>semper</strong></span> <span class='ocrx_word' id='word_1_119' title='bbox 653 1727 755 1790; x_wconf 92' lang='lat' dir='ltr'><strong>usque</strong></span> <span class='ocrx_word' id='word_1_120' title='bbox 784 1704 825 1769; x_wconf 88' lang='lat' dir='ltr'><strong>ad</strong></span> <span class='ocrx_word' id='word_1_121' title='bbox 848 1708 987 1770; x_wconf 89' lang='lat' dir='ltr'><strong>mortem</strong></span> <span class='ocrx_word' id='word_1_122' title='bbox 1008 1725 1080 1787; x_wconf 89' lang='lat' dir='ltr'><strong>per-</strong></span> 
     </span>
     <span class='ocr_line' id='line_1_18' title="bbox 112 1790 1081 1878; baseline -0.005 -18"><span class='ocrx_word' id='word_1_123' title='bbox 112 1794 250 1861; x_wconf 83' lang='lat' dir='ltr'><strong>venitur.</strong></span> <span class='ocrx_word' id='word_1_124' title='bbox 303 1790 407 1859; x_wconf 82' lang='lat' dir='ltr'><strong>Credo</strong></span> <span class='ocrx_word' id='word_1_125' title='bbox 441 1797 550 1860; x_wconf 89' lang='lat' dir='ltr'><strong>autem</strong></span> <span class='ocrx_word' id='word_1_126' title='bbox 585 1794 693 1876; x_wconf 91' lang='lat' dir='ltr'><strong>illum,</strong></span> <span class='ocrx_word' id='word_1_127' title='bbox 726 1793 872 1878; x_wconf 89' lang='lat' dir='ltr'><strong>quisquis</strong></span> <span class='ocrx_word' id='word_1_128' title='bbox 904 1791 968 1856; x_wconf 90' lang='lat' dir='ltr'><strong>fuit</strong></span> <span class='ocrx_word' id='word_1_129' title='bbox 999 1792 1081 1876; x_wconf 79' lang='lat' dir='ltr'><strong>legis</strong></span> 
     </span>
     <span class='ocr_line' id='line_1_19' title="bbox 117 1882 1083 1968; baseline -0.006 -19"><span class='ocrx_word' id='word_1_130' title='bbox 117 1883 254 1950; x_wconf 81' lang='lat' dir='ltr'><strong>huiusce</strong></span> <span class='ocrx_word' id='word_1_131' title='bbox 273 1883 481 1968; x_wconf 74' lang='lat' dir='ltr'><strong>constitutor,</strong></span> <span class='ocrx_word' id='word_1_132' title='bbox 503 1883 563 1948; x_wconf 89' lang='lat' dir='ltr'><strong>illa</strong></span> <span class='ocrx_word' id='word_1_133' title='bbox 581 1883 670 1948; x_wconf 88' lang='lat' dir='ltr'><strong>intra</strong></span> <span class='ocrx_word' id='word_1_134' title='bbox 689 1903 723 1947; x_wconf 88' lang='lat' dir='ltr'><strong>se</strong></span> <span class='ocrx_word' id='word_1_135' title='bbox 743 1882 915 1967; x_wconf 76' lang='lat' dir='ltr'><strong>cogitasse,</strong></span> <span class='ocrx_word' id='word_1_136' title='bbox 931 1901 998 1946; x_wconf 89' lang='lat' dir='ltr'><strong>non</strong></span> <span class='ocrx_word' id='word_1_137' title='bbox 1016 1901 1083 1945; x_wconf 91' lang='lat' dir='ltr'><strong>om-</strong></span> 
     </span>
     <span class='ocr_line' id='line_1_20' title="bbox 116 1969 1082 2055; baseline -0.009 -14"><span class='ocrx_word' id='word_1_138' title='bbox 116 1974 210 2041; x_wconf 77' lang='lat' dir='ltr'><strong>niurn</strong></span> <span class='ocrx_word' id='word_1_139' title='bbox 235 1972 360 2038; x_wconf 84' lang='lat' dir='ltr'><strong>animos</strong></span> <span class='ocrx_word' id='word_1_140' title='bbox 379 1973 572 2039; x_wconf 88' lang='lat' dir='ltr'><strong>maritorum</strong></span> <span class='ocrx_word' id='word_1_141' title='bbox 591 1972 706 2037; x_wconf 89' lang='lat' dir='ltr'><strong>durare</strong></span> <span class='ocrx_word' id='word_1_142' title='bbox 725 1971 766 2036; x_wconf 82' lang='lat' dir='ltr'><strong>ad</strong></span> <span class='ocrx_word' id='word_1_143' title='bbox 785 1969 989 2055; x_wconf 69' lang='lat' dir='ltr'><strong>sanguinem,</strong></span> <span class='ocrx_word' id='word_1_144' title='bbox 1013 1989 1082 2033; x_wconf 86' lang='lat' dir='ltr'><strong>esse</strong></span> 
     </span>
     <span class='ocr_line' id='line_1_21' title="bbox 118 2058 1136 2149; baseline -0.006 -21"><span class='ocrx_word' id='word_1_145' title='bbox 118 2061 278 2149; x_wconf 84' lang='lat' dir='ltr'><strong>quosdam</strong></span> <span class='ocrx_word' id='word_1_146' title='bbox 301 2061 462 2147; x_wconf 89' lang='lat' dir='ltr'><strong>mitiores,</strong></span> <span class='ocrx_word' id='word_1_147' title='bbox 490 2062 546 2147; x_wconf 93' lang='lat' dir='ltr'><strong>qui</strong></span> <span class='ocrx_word' id='word_1_148' title='bbox 568 2082 609 2126; x_wconf 87' lang='lat' dir='ltr'><strong>ne</strong></span> <span class='ocrx_word' id='word_1_149' title='bbox 633 2060 817 2145; x_wconf 79' lang='lat' dir='ltr'><strong>conspicere</strong></span> <span class='ocrx_word' id='word_1_150' title='bbox 840 2058 970 2144; x_wconf 88' lang='lat' dir='ltr'><strong>quidem</strong></span> <span class='ocrx_word' id='word_1_151' title='bbox 994 2080 1083 2123; x_wconf 87' lang='lat' dir='ltr'><strong>eruo·</strong></span> <span class='ocrx_word' id='word_1_152' title='bbox 1101 2072 1136 2122; x_wconf 79' lang='lat'><strong>20</strong></span> 
     </span>
     <span class='ocr_line' id='line_1_22' title="bbox 119 2147 1082 2237; baseline -0.005 -20"><span class='ocrx_word' id='word_1_153' title='bbox 119 2171 190 2217; x_wconf 89' lang='lat' dir='ltr'><strong>rem</strong></span> <span class='ocrx_word' id='word_1_154' title='bbox 215 2151 408 2217; x_wconf 84' lang='lat' dir='ltr'><strong>sufficerent.</strong></span> <span class='ocrx_word' id='word_1_155' title='bbox 438 2151 537 2217; x_wconf 89' lang='lat' dir='ltr'><strong>multi</strong></span> <span class='ocrx_word' id='word_1_156' title='bbox 560 2172 595 2217; x_wconf 88' lang='lat' dir='ltr'><strong>se</strong></span> <span class='ocrx_word' id='word_1_157' title='bbox 619 2149 876 2237; x_wconf 82' lang='lat' dir='ltr'><strong>agladiatorum</strong></span> <span class='ocrx_word' id='word_1_158' title='bbox 894 2147 1082 2213; x_wconf 88' lang='lat' dir='ltr'><strong>vulneribus</strong></span> 
     </span>
     <span class='ocr_line' id='line_1_23' title="bbox 119 2237 1083 2327; baseline -0.004 -21"><span class='ocrx_word' id='word_1_159' title='bbox 119 2244 282 2325; x_wconf 75' lang='lat' dir='ltr'><strong>avertunt,</strong></span> <span class='ocrx_word' id='word_1_160' title='bbox 306 2245 339 2306; x_wconf 89' lang='lat' dir='ltr'><strong>et</strong></span> <span class='ocrx_word' id='word_1_161' title='bbox 360 2262 555 2327; x_wconf 81' lang='lat' dir='ltr'><strong>quamquam</strong></span> <span class='ocrx_word' id='word_1_162' title='bbox 577 2261 673 2306; x_wconf 88' lang='lat' dir='ltr'><strong>nemo</strong></span> <span class='ocrx_word' id='word_1_163' title='bbox 695 2239 821 2305; x_wconf 85' lang='lat' dir='ltr'><strong>dubitat</strong></span> <span class='ocrx_word' id='word_1_164' title='bbox 841 2241 874 2304; x_wconf 89' lang='lat' dir='ltr'><strong>et</strong></span> <span class='ocrx_word' id='word_1_165' title='bbox 892 2237 974 2302; x_wconf 85' lang='lat' dir='ltr'><strong>illud</strong></span> <span class='ocrx_word' id='word_1_166' title='bbox 993 2256 1083 2322; x_wconf 83' lang='lat' dir='ltr'><strong>speo-</strong></span> 
     </span>
     <span class='ocr_line' id='line_1_24' title="bbox 116 2326 1084 2416; baseline -0.007 -20"><span class='ocrx_word' id='word_1_167' title='bbox 116 2329 264 2397; x_wconf 87' lang='lat' dir='ltr'><strong>taeulum</strong></span> <span class='ocrx_word' id='word_1_168' title='bbox 292 2329 327 2395; x_wconf 88' lang='lat' dir='ltr'><strong>in</strong></span> <span class='ocrx_word' id='word_1_169' title='bbox 354 2333 447 2416; x_wconf 83' lang='lat' dir='ltr'><strong>parte</strong></span> <span class='ocrx_word' id='word_1_170' title='bbox 476 2352 547 2396; x_wconf 87' lang='lat' dir='ltr'><strong>esse</strong></span> <span class='ocrx_word' id='word_1_171' title='bbox 573 2351 766 2415; x_wconf 89' lang='lat' dir='ltr'><strong>poenarum,</strong></span> <span class='ocrx_word' id='word_1_172' title='bbox 793 2332 905 2394; x_wconf 90' lang='lat' dir='ltr'><strong>tamen</strong></span> <span class='ocrx_word' id='word_1_173' title='bbox 926 2326 1084 2410; x_wconf 67' lang='lat' dir='ltr'><strong>nequissi⁴</strong></span> 
     </span>
     <span class='ocr_line' id='line_1_25' title="bbox 120 2414 1085 2505; baseline -0.009 -19"><span class='ocrx_word' id='word_1_174' title='bbox 120 2441 251 2486; x_wconf 89' lang='lat' dir='ltr'><strong>morum</strong></span> <span class='ocrx_word' id='word_1_175' title='bbox 279 2440 406 2505; x_wconf 89' lang='lat' dir='ltr'><strong>quoque</strong></span> <span class='ocrx_word' id='word_1_176' title='bbox 428 2419 599 2485; x_wconf 90' lang='lat' dir='ltr'><strong>hominum</strong></span> <span class='ocrx_word' id='word_1_177' title='bbox 622 2439 772 2504; x_wconf 86' lang='lat' dir='ltr'><strong>suprema</strong></span> <span class='ocrx_word' id='word_1_178' title='bbox 796 2415 940 2502; x_wconf 83' lang='lat' dir='ltr'><strong>pericula</strong></span> <span class='ocrx_word' id='word_1_179' title='bbox 961 2414 1085 2479; x_wconf 87' lang='lat' dir='ltr'><strong>habent</strong></span> 
     </span>
     <span class='ocr_line' id='line_1_26' title="bbox 120 2504 1139 2596; baseline -0.01 -21"><span class='ocrx_word' id='word_1_180' title='bbox 120 2529 216 2576; x_wconf 83' lang='lat' dir='ltr'><strong>suam</strong></span> <span class='ocrx_word' id='word_1_181' title='bbox 238 2509 389 2596; x_wconf 79' lang='lat' dir='ltr'><strong>gratiam.</strong></span> <span class='ocrx_word' id='word_1_182' title='bbox 424 2509 474 2574; x_wconf 89' lang='lat' dir='ltr'><strong>De</strong></span> <span class='ocrx_word' id='word_1_183' title='bbox 494 2509 679 2594; x_wconf 87' lang='lat' dir='ltr'><strong>speetaaulo</strong></span> <span class='ocrx_word' id='word_1_184' title='bbox 697 2508 827 2592; x_wconf 85' lang='lat' dir='ltr'><strong>loquor:</strong></span> <span class='ocrx_word' id='word_1_185' title='bbox 850 2504 1085 2589; x_wconf 77' lang='lat' dir='ltr'><strong>cogitaverunt,</strong></span> <span class='ocrx_word' id='word_1_186' title='bbox 1104 2516 1139 2566; x_wconf 80' lang='lat'><strong>25</strong></span> 
     </span>
     <span class='ocr_line' id='line_1_27' title="bbox 121 2592 1084 2686; baseline -0.009 -22"><span class='ocrx_word' id='word_1_187' title='bbox 121 2601 244 2686; x_wconf 88' lang='lat' dir='ltr'><strong>quanto</strong></span> <span class='ocrx_word' id='word_1_188' title='bbox 273 2603 359 2664; x_wconf 87' lang='lat' dir='ltr'><strong>esset</strong></span> <span class='ocrx_word' id='word_1_189' title='bbox 385 2598 549 2664; x_wconf 84' lang='lat' dir='ltr'><strong>difficilius</strong></span> <span class='ocrx_word' id='word_1_190' title='bbox 578 2597 737 2681; x_wconf 70' lang='lat' dir='ltr'><strong>occidere,</strong></span> <span class='ocrx_word' id='word_1_191' title='bbox 765 2617 803 2661; x_wconf 83' lang='lat' dir='ltr'><strong>ao</strong></span> <span class='ocrx_word' id='word_1_192' title='bbox 833 2594 977 2660; x_wconf 82' lang='lat' dir='ltr'><strong>scierunt</strong></span> <span class='ocrx_word' id='word_1_193' title='bbox 999 2592 1084 2656; x_wconf 83' lang='lat' dir='ltr'><strong>futu·</strong></span> 
     </span>
     <span class='ocr_line' id='line_1_28' title="bbox 120 2681 1085 2772; baseline -0.009 -18"><span class='ocrx_word' id='word_1_194' title='bbox 120 2710 204 2772; x_wconf 87' lang='lat' dir='ltr'><strong>rom,</strong></span> <span class='ocrx_word' id='word_1_195' title='bbox 225 2693 264 2754; x_wconf 92' lang='lat' dir='ltr'><strong>ut</strong></span> <span class='ocrx_word' id='word_1_196' title='bbox 287 2689 316 2753; x_wconf 84' lang='lat' dir='ltr'><strong>ai</strong></span> <span class='ocrx_word' id='word_1_197' title='bbox 336 2709 437 2753; x_wconf 84' lang='lat' dir='ltr'><strong>unam</strong></span> <span class='ocrx_word' id='word_1_198' title='bbox 458 2687 543 2753; x_wconf 90' lang='lat' dir='ltr'><strong>hano</strong></span> <span class='ocrx_word' id='word_1_199' title='bbox 566 2685 682 2752; x_wconf 85' lang='lat' dir='ltr'><strong>mortis</strong></span> <span class='ocrx_word' id='word_1_200' title='bbox 704 2704 842 2769; x_wconf 87' lang='lat' dir='ltr'><strong>poenam</strong></span> <span class='ocrx_word' id='word_1_201' title='bbox 863 2687 977 2749; x_wconf 85' lang='lat' dir='ltr'><strong>eontra</strong></span> <span class='ocrx_word' id='word_1_202' title='bbox 995 2681 1085 2747; x_wconf 91' lang='lat' dir='ltr'><strong>adul-</strong></span> 
     </span>
     <span class='ocr_line' id='line_1_29' title="bbox 119 2772 1127 2860; baseline -0.01 -17"><span class='ocrx_word' id='word_1_203' title='bbox 119 2782 211 2843; x_wconf 81' lang='lat' dir='ltr'><strong>teros</strong></span> <span class='ocrx_word' id='word_1_204' title='bbox 241 2777 502 2860; x_wconf 78' lang='lat' dir='ltr'><strong>constituissent,</strong></span> <span class='ocrx_word' id='word_1_205' title='bbox 533 2775 660 2860; x_wconf 85' lang='lat' dir='ltr'><strong>saepius</strong></span> <span class='ocrx_word' id='word_1_206' title='bbox 683 2775 806 2858; x_wconf 88' lang='lat' dir='ltr'><strong>inpune</strong></span> <span class='ocrx_word' id='word_1_207' title='bbox 828 2772 1086 2839; x_wconf 83' lang='lat' dir='ltr'><strong>committeretur</strong></span> <span class='ocrx_word' id='word_1_208' title='bbox 1125 2801 1127 2805; x_wconf 95' lang='lat'>·</span> 
     </span>
     <span class='ocr_line' id='line_1_30' title="bbox 120 2864 1162 2949; baseline -0.011 -15"><span class='ocrx_word' id='word_1_209' title='bbox 120 2867 325 2934; x_wconf 86' lang='lat' dir='ltr'><strong>adulterium.</strong></span> <span class='ocrx_word' id='word_1_210' title='bbox 374 2866 614 2931; x_wconf 76' lang='lat' dir='ltr'><strong>constituerunt</strong></span> <span class='ocrx_word' id='word_1_211' title='bbox 640 2884 719 2949; x_wconf 86' lang='lat' dir='ltr'><strong>ergo</strong></span> <span class='ocrx_word' id='word_1_212' title='bbox 748 2884 888 2947; x_wconf 87' lang='lat' dir='ltr'><strong>poenam</strong></span> <span class='ocrx_word' id='word_1_213' title='bbox 916 2864 949 2926; x_wconf 89' lang='lat' dir='ltr'><strong>et</strong></span> <span class='ocrx_word' id='word_1_214' title='bbox 976 2881 1085 2925; x_wconf 85' lang='lat' dir='ltr'><strong>seeun-</strong></span> <span class='ocrx_word' id='word_1_215' title='bbox 1159 2886 1162 2891; x_wconf 94' lang='lat'>·</span> 
     </span>
    </p>
   </div>
   <div class='ocr_carea' id='block_1_4' title="bbox 122 3104 1090 3546">
    <p class='ocr_par' dir='ltr' id='par_1_4' title="bbox 122 3104 1090 3546">
     <span class='ocr_line' id='line_1_31' title="bbox 197 3104 1088 3182; baseline -0.012 -12"><span class='ocrx_word' id='word_1_216' title='bbox 197 3121 211 3169; x_wconf 95' lang='lat'>1</span> <span class='ocrx_word' id='word_1_217' title='bbox 231 3112 358 3182; x_wconf 90' lang='lat' dir='ltr'><strong>alioquin</strong></span> <span class='ocrx_word' id='word_1_218' title='bbox 375 3117 399 3165; x_wconf 85' lang='grc' dir='ltr'><strong>Δ</strong></span> <span class='ocrx_word' id='word_1_219' title='bbox 417 3114 427 3180; x_wconf 73' lang='grc' dir='ltr'><strong>[Ι</strong></span> <span class='ocrx_word' id='word_1_220' title='bbox 444 3119 461 3166; x_wconf 80' lang='lat' dir='ltr'><strong>t</strong></span> <span class='ocrx_word' id='word_1_221' title='bbox 480 3104 577 3167; x_wconf 86' lang='lat' dir='ltr'><strong>vetere</strong></span> <span class='ocrx_word' id='word_1_222' title='bbox 595 3115 636 3164; x_wconf 77' lang='lat' dir='ltr'><strong>Aa</strong></span> <span class='ocrx_word' id='word_1_223' title='bbox 649 3113 658 3180; x_wconf 77' lang='lat' dir='ltr'><strong>l}</strong></span> <span class='ocrx_word' id='word_1_224' title='bbox 677 3117 692 3164; x_wconf 83' lang='grc'>6</span> <span class='ocrx_word' id='word_1_225' title='bbox 713 3107 879 3164; x_wconf 83' lang='lat' dir='ltr'><strong>defendetur</strong></span> <span class='ocrx_word' id='word_1_226' title='bbox 897 3107 947 3163; x_wconf 84' lang='lat' dir='ltr'><strong>sed</strong></span> <span class='ocrx_word' id='word_1_227' title='bbox 964 3108 1025 3162; x_wconf 88' lang='lat' dir='ltr'><strong>iure</strong></span> <span class='ocrx_word' id='word_1_228' title='bbox 1043 3110 1063 3159; x_wconf 84' lang='lat' dir='ltr'>B</span> <span class='ocrx_word' id='word_1_229' title='bbox 1078 3107 1088 3178; x_wconf 66' lang='lat' dir='ltr'><strong>ll</strong></span> 
     </span>
     <span class='ocr_line' id='line_1_32' title="bbox 124 3177 1088 3254; baseline -0.012 -11"><span class='ocrx_word' id='word_1_230' title='bbox 124 3193 139 3243; x_wconf 78' lang='lat'><strong>7</strong></span> <span class='ocrx_word' id='word_1_231' title='bbox 163 3202 230 3242; x_wconf 86' lang='lat' dir='ltr'><strong>vero</strong></span> <span class='ocrx_word' id='word_1_232' title='bbox 252 3201 319 3240; x_wconf 85' lang='lat' dir='ltr'><strong>vero</strong></span> <span class='ocrx_word' id='word_1_233' title='bbox 342 3188 365 3237; x_wconf 81' lang='grc' dir='ltr'><strong>Δ</strong></span> <span class='ocrx_word' id='word_1_234' title='bbox 392 3187 401 3254; x_wconf 68' lang='grc' dir='ltr'><strong>[Ι</strong></span> <span class='ocrx_word' id='word_1_235' title='bbox 428 3183 512 3238; x_wconf 88' lang='lat' dir='ltr'><strong>modo</strong></span> <span class='ocrx_word' id='word_1_236' title='bbox 536 3182 729 3237; x_wconf 86' lang='lat' dir='ltr'><strong>odorationem</strong></span> <span class='ocrx_word' id='word_1_237' title='bbox 746 3184 783 3247; x_wconf 76' lang='lat' dir='ltr'><strong>B,</strong></span> <span class='ocrx_word' id='word_1_238' title='bbox 815 3197 852 3233; x_wconf 90' lang='lat' dir='ltr'><strong>m.</strong></span> <span class='ocrx_word' id='word_1_239' title='bbox 871 3179 908 3234; x_wconf 87' lang='lat' dir='ltr'><strong>ad</strong></span> <span class='ocrx_word' id='word_1_240' title='bbox 931 3177 1088 3232; x_wconf 84' lang='lat' dir='ltr'><strong>orationem</strong></span> 
     </span>
     <span class='ocr_line' id='line_1_33' title="bbox 122 3248 1088 3326; baseline -0.011 -13"><span class='ocrx_word' id='word_1_241' title='bbox 122 3265 144 3313; x_wconf 74' lang='lat' dir='ltr'>P</span> <span class='ocrx_word' id='word_1_242' title='bbox 165 3261 176 3326; x_wconf 89' lang='grc' dir='ltr'><strong>ΙΙ</strong></span> <span class='ocrx_word' id='word_1_243' title='bbox 199 3264 234 3314; x_wconf 85' lang='grc'><strong>10</strong></span> <span class='ocrx_word' id='word_1_244' title='bbox 251 3271 318 3314; x_wconf 81' lang='lat' dir='ltr'><strong>‚vero</strong></span> <span class='ocrx_word' id='word_1_245' title='bbox 336 3259 426 3310; x_wconf 64' lang='lat' dir='ltr'><strong>ona!</strong></span> <span class='ocrx_word' id='word_1_246' title='bbox 449 3257 459 3323; x_wconf 86' lang='grc' dir='ltr'><strong>ΙΙ</strong></span> <span class='ocrx_word' id='word_1_247' title='bbox 483 3257 517 3308; x_wconf 88' lang='grc'><strong>14</strong></span> <span class='ocrx_word' id='word_1_248' title='bbox 535 3253 585 3308; x_wconf 85' lang='lat' dir='ltr'><strong>sed</strong></span> <span class='ocrx_word' id='word_1_249' title='bbox 604 3253 644 3324; x_wconf 85' lang='lat' dir='ltr'><strong>et]</strong></span> <span class='ocrx_word' id='word_1_250' title='bbox 664 3252 713 3308; x_wconf 87' lang='lat' dir='ltr'><strong>sed</strong></span> <span class='ocrx_word' id='word_1_251' title='bbox 733 3256 762 3307; x_wconf 86' lang='lat' dir='ltr'><strong>et</strong></span> <span class='ocrx_word' id='word_1_252' title='bbox 779 3251 816 3306; x_wconf 84' lang='lat' dir='ltr'><strong>ad</strong></span> <span class='ocrx_word' id='word_1_253' title='bbox 835 3255 856 3303; x_wconf 76' lang='lat' dir='ltr'>B</span> <span class='ocrx_word' id='word_1_254' title='bbox 874 3251 884 3320; x_wconf 82' lang='grc' dir='ltr'><strong>ΙΙ</strong></span> <span class='ocrx_word' id='word_1_255' title='bbox 901 3248 1004 3321; x_wconf 82' lang='lat' dir='ltr'><strong>ha[n]e</strong></span> <span class='ocrx_word' id='word_1_256' title='bbox 1022 3265 1088 3318; x_wconf 87' lang='lat' dir='ltr'><strong>poe·</strong></span> 
     </span>
     <span class='ocr_line' id='line_1_34' title="bbox 124 3321 1087 3403; baseline -0.015 -18"><span class='ocrx_word' id='word_1_257' title='bbox 124 3329 216 3403; x_wconf 56' lang='lat' dir='ltr'><strong>natm]</strong></span> <span class='ocrx_word' id='word_1_258' title='bbox 236 3327 273 3384; x_wconf 75' lang='grc' dir='ltr'><strong><em>Ε</em></strong></span> <span class='ocrx_word' id='word_1_259' title='bbox 285 3328 296 3398; x_wconf 66' lang='lat' dir='ltr'>fl</span> <span class='ocrx_word' id='word_1_260' title='bbox 309 3324 559 3382; x_wconf 79' lang='lat' dir='ltr'><strong>animadversionis</strong></span> <span class='ocrx_word' id='word_1_261' title='bbox 582 3327 639 3392; x_wconf 78' lang='lat' dir='ltr'><strong>AB,</strong></span> <span class='ocrx_word' id='word_1_262' title='bbox 668 3341 738 3379; x_wconf 82' lang='lat' dir='ltr'><strong>corr.</strong></span> <span class='ocrx_word' id='word_1_263' title='bbox 757 3321 802 3378; x_wconf 81' lang='lat' dir='ltr'><strong>Bo</strong></span> <span class='ocrx_word' id='word_1_264' title='bbox 824 3323 834 3391; x_wconf 84' lang='grc' dir='ltr'><strong>ΙΙ</strong></span> <span class='ocrx_word' id='word_1_265' title='bbox 858 3328 891 3377; x_wconf 84' lang='grc'><strong>16</strong></span> <span class='ocrx_word' id='word_1_266' title='bbox 912 3336 963 3376; x_wconf 89' lang='lat' dir='ltr'><strong>neo</strong></span> <span class='ocrx_word' id='word_1_267' title='bbox 981 3324 1002 3372; x_wconf 78' lang='lat' dir='ltr'>B</span> <span class='ocrx_word' id='word_1_268' title='bbox 1020 3321 1030 3391; x_wconf 69' lang='lat' dir='ltr'><strong>t!</strong></span> <span class='ocrx_word' id='word_1_269' title='bbox 1055 3324 1087 3372; x_wconf 76' lang='lat'><strong>1⁷</strong></span> 
     </span>
     <span class='ocr_line' id='line_1_35' title="bbox 123 3392 1090 3473; baseline -0.016 -15"><span class='ocrx_word' id='word_1_270' title='bbox 123 3401 293 3473; x_wconf 78' lang='lat' dir='ltr'><strong>perveniunt</strong></span> <span class='ocrx_word' id='word_1_271' title='bbox 310 3403 375 3466; x_wconf 77' lang='lat' dir='ltr'><strong>Aa,</strong></span> <span class='ocrx_word' id='word_1_272' title='bbox 394 3414 464 3454; x_wconf 80' lang='lat' dir='ltr'><strong>corr.</strong></span> <span class='ocrx_word' id='word_1_273' title='bbox 483 3397 527 3453; x_wconf 87' lang='lat' dir='ltr'><strong>Ro</strong></span> <span class='ocrx_word' id='word_1_274' title='bbox 550 3399 611 3467; x_wconf 66' lang='lat' dir='ltr'><strong>tta</strong></span> <span class='ocrx_word' id='word_1_275' title='bbox 629 3399 777 3466; x_wconf 83' lang='lat' dir='ltr'><strong>tamquam</strong></span> <span class='ocrx_word' id='word_1_276' title='bbox 793 3397 851 3462; x_wconf 74' lang='lat' dir='ltr'><strong>AB,</strong></span> <span class='ocrx_word' id='word_1_277' title='bbox 870 3408 940 3449; x_wconf 80' lang='lat' dir='ltr'><strong>corr.</strong></span> <span class='ocrx_word' id='word_1_278' title='bbox 960 3392 999 3447; x_wconf 77' lang='lat' dir='ltr'><strong>Pi</strong></span> <span class='ocrx_word' id='word_1_279' title='bbox 1022 3393 1090 3461; x_wconf 66' lang='lat' dir='ltr'><strong>tal</strong></span> 
     </span>
     <span class='ocr_line' id='line_1_36' title="bbox 124 3466 879 3546; baseline -0.009 -16"><span class='ocrx_word' id='word_1_280' title='bbox 124 3474 232 3530; x_wconf 85' lang='lat' dir='ltr'><strong>habent</strong></span> <span class='ocrx_word' id='word_1_281' title='bbox 247 3489 325 3526; x_wconf 81' lang='lat' dir='ltr'><strong>suam</strong></span> <span class='ocrx_word' id='word_1_282' title='bbox 344 3487 394 3527; x_wconf 83' lang='lat' dir='ltr'><strong>om.</strong></span> <span class='ocrx_word' id='word_1_283' title='bbox 412 3473 436 3522; x_wconf 73' lang='grc' dir='ltr'><strong><em>Β</em></strong></span> <span class='ocrx_word' id='word_1_284' title='bbox 446 3470 460 3540; x_wconf 74' lang='lat' dir='ltr'><strong>s}</strong></span> <span class='ocrx_word' id='word_1_285' title='bbox 473 3474 508 3526; x_wconf 79' lang='lat'><strong>29</strong></span> <span class='ocrx_word' id='word_1_286' title='bbox 526 3467 696 3546; x_wconf 81' lang='lat' dir='ltr'><strong>secundam]</strong></span> <span class='ocrx_word' id='word_1_287' title='bbox 714 3466 879 3526; x_wconf 65' lang='lat' dir='ltr'><strong>seruatur</strong></span> 
     </span>
    </p>
   </div>
   <div class='ocr_carea' id='block_1_5' title="bbox 0 0 1215 3816">
    <p class='ocr_par' dir='ltr' id='par_1_5' title="bbox 0 0 1215 3816">
     <span class='ocr_line' id='line_1_37' title="bbox 0 0 1215 3816; baseline 0 0"><span class='ocrx_word' id='word_1_288' title='bbox 0 0 1215 3816; x_wconf 95' lang='lat' dir='ltr'><strong> </strong></span> 
     </span>
    </p>
   </div>
  </div>
 </body>
</html>
