2386 3816
338 175 657 234 DECLAMATIONES.
676 175 803 236 COLXV.
1004 179 1047 246 83

80 343 133 404 est
155 338 411 424 ignominiosum
434 341 579 425 pulsare,
603 341 698 425 quale
720 341 845 408 furtum
869 342 939 406 sine
961 347 1046 409 teste

78 427 203 494 facere:
235 431 273 493 ut
300 428 447 494 damnari
475 428 607 515 quidem
633 450 701 495 non
720 431 840 516 possit,
873 430 1046 498 admittere

78 522 192 583 tamen
213 538 283 583 ncn
305 518 462 584 debuerit.
493 520 570 604 quin
592 541 633 583 ex
655 519 718 586 hoc
740 520 823 605 ipso,
845 519 931 605 quod
952 521 1045 606 ignc-

78 607 221 672 minioso
245 607 331 673 actio
354 628 420 673 non
443 608 547 692 datur,
572 613 708 693 apparet
731 630 802 675 esse
823 610 871 676 rei
894 610 1046 694 publicae

79 696 254 762 actionem.
297 696 374 781 quid
406 697 492 762 enirn
523 698 576 762 lex
603 697 735 782 eripuit,
762 699 791 763 si
818 699 886 763 eins
914 699 1080 765 demumb

77 785 128 850 rei
154 807 223 851 non
245 785 336 851 dedit
364 786 537 870 actionem,
569 808 667 871 quam
696 786 803 852 fucere
825 786 941 853 licuit?
978 810 1046 854 non

77 877 191 940 autern
208 875 259 940 ius
277 875 433 959 peccandi
451 875 605 941 adversm
624 876 858 961 ignominiosos
877 875 957 960 deri,
979 898 1044 941 une

77 968 113 1029 et
136 964 231 1029 brevi
248 966 282 1029 et
299 964 474 1030 manifesto
493 964 605 1030 videor
625 970 818 1050 argumento
838 966 1045 1050 probaturus.

77 1074 176 1138 quem
198 1053 329 1138 pulsare
348 1054 434 1138 licet,
456 1053 601 1120 occidere
619 1054 704 1119 licet.
739 1055 831 1139 atqui
849 1054 1044 1140 ignominio-

78 1165 152 1207 sum
176 1142 297 1227 siquis
316 1143 478 1229 occiderit,
500 1143 607 1209 caedis
626 1142 699 1228 lege
717 1144 891 1209 tenebitur.
920 1143 1043 1228 quare?
1064 1158 1097 1208 10

77 1232 233 1316 quoniam
260 1233 360 1309 ectio,
373 1233 471 1297 huius
498 1232 681 1298 necessario
705 1231 746 1296 ad
770 1233 871 1297 alium
893 1233 1045 1316 pertinet.

77 1325 217 1406 apparet
240 1341 327 1407 ergo,
351 1343 418 1387 non
440 1321 503 1387 tibi
525 1319 648 1407 aliquid
672 1320 826 1389 adversus
850 1322 1044 1409 ignominio-

77 1431 152 1476 sum
179 1409 323 1496 licuisse,
351 1411 409 1477 sed
435 1411 653 1496 ignominioso
680 1409 765 1478 nihil
794 1433 854 1497 pro
878 1433 912 1476 se
937 1410 1043 1477 licere.

27 1506 32 1513 '
75 1499 189 1585 itaque
211 1500 449 1586 ignominiosus
471 1521 538 1566 non
555 1503 630 1584 aget
651 1503 759 1565 tecum
777 1501 983 1567 iniuriarum:
1006 1503 1044 1565 tu

77 1592 191 1654 tumen
207 1588 361 1654 iniuriam
379 1588 509 1672 feceris,
527 1592 561 1654 et
578 1588 641 1655 hoc
660 1588 700 1655 ad
716 1600 856 1674 poenam
871 1591 939 1654 eius
953 1589 1042 1655 vitae
1063 1603 1095 1652 15

74 1699 115 1743 ac
138 1677 350 1762 turpitudinis
373 1678 566 1765 pertinebit,
593 1677 679 1763 quod
702 1682 740 1743 tu
761 1701 829 1746 non
851 1678 944 1745 dabis
967 1699 1042 1763 poe-

75 1789 139 1832 nae
161 1767 295 1852 peccati.
327 1766 418 1834 Haec
440 1767 590 1851 dicerem,
613 1767 642 1832 si
664 1765 858 1852 ubicumque
876 1767 1042 1850 pulsasses

75 1857 347 1941 ignominiosum:
363 1879 455 1922 nunc
477 1860 516 1921 ut
537 1857 657 1921 iniuria
679 1877 746 1920 non
769 1857 812 1921 sit
836 1855 945 1940 aliquo
969 1855 1042 1919 loco

74 1947 224 2030 pulsasse
240 1945 505 2030 ignominiosum,
527 1945 646 2011 iniuria
664 1948 776 2011 tamen
796 1949 846 2009 est
863 1944 899 2008 in
917 1942 1042 2026 templo

75 2035 218 2120 pulsare.
236 2057 324 2100 nem
337 2034 365 2100 ei
382 2035 480 2101 idest
494 2034 661 2117 utriusque
675 2037 824 2100 nostrum
839 2030 1042 2099 confessione
1061 2046 1095 2095 20
1150 2050 1156 2065 ⁸

75 2124 205 2209 iniuria,
227 2123 315 2209 quod
339 2123 549 2190 manifestum
572 2127 708 2188 estnon
726 2144 796 2188 esse
814 2123 884 2188 iure
904 2121 1041 2191 factum:

76 2218 113 2279 ut
150 2213 215 2280 tibi
248 2213 301 2278 ius
337 2214 437 2280 fuerit
473 2213 554 2279 alibi
587 2212 742 2296 ,pulsandi
777 2211 1042 2298 ignominiosum,

75 2300 178 2388 (quod
200 2324 268 2368 non
291 2324 363 2368 esse
385 2303 452 2367 iam
476 2297 599 2388 docui):
623 2302 658 2366 in
676 2302 800 2386 ternplo
820 2300 972 2387 pulsandi
990 2301 1041 2365 ius

74 2392 237 2458 nonfuit.

142 2481 233 2547 Haec
251 2501 312 2566 ego
333 2481 407 2563 [ita]
428 2479 576 2565 dicerem,
599 2479 727 2545 etiamsi
749 2478 854 2547 omnis
873 2478 938 2542 ista
956 2477 1040 2541 ultio
1059 2489 1093 2538 25

73 2571 253 2656 pertineret
280 2570 321 2636 ad
349 2592 437 2654 eum,
470 2569 524 2654 qui
553 2568 708 2634 inirrriam
732 2567 924 2653 accepisset:
956 2587 1041 2630 nunc

74 2682 128 2728 res
146 2660 266 2745 duplex
284 2661 344 2746 est,
362 2658 500 2726 crimina
519 2658 581 2724 duo
601 2661 679 2723 sunt
690 2656 777 2741 eius,
797 2655 901 2742 quiin
915 2655 1039 2738 templo

72 2751 258 2835 pulsaverit.
304 2748 381 2833 quid
404 2748 489 2814 enirn
515 2749 568 2814 lex
592 2746 691 2813 dicit?
720 2745 809 2830 „qui
831 2746 870 2811 in
892 2745 1040 2827 templo

74 2839 262 2906 iniuriam
293 2837 448 2923 fecerit,
485 2837 613 2904 decern
650 2835 762 2900 milia
795 2834 1041 2901 denariorum

147 3022 162 3071 7
181 3013 384 3085 ignominiosus
402 3018 425 3067 Δ
452 3015 462 3084 ΙΙ
490 3019 522 3067 11
537 3016 602 3082 poet
619 3010 757 3081 pertinet,
775 3010 903 3065 ultimum
919 3008 985 3088 folii
1002 3011 1039 3063 17

72 3089 140 3145 recti
157 3088 190 3143 tu
207 3087 297 3142 codice
315 3086 470 3150 Acerbum,
488 3085 520 3139 ia
532 3085 656 3154 mwpiuc
669 3082 801 3149 inferiore
815 3082 915 3151 decimor
932 3095 1038 3161 mrse-

72 3177 160 3229 rere,
180 3159 215 3226 cf.
228 3159 294 3215 dect
306 3161 363 3214 350
376 3162 442 3212 extr.
458 3159 468 3227 ΙΙ
482 3161 515 3210 13
533 3151 838 3225 ignominiosumnihil
850 3156 891 3205 Δι
904 3153 914 3221 ty
928 3157 969 3233 14.
978 3151 1040 3220 agit

72 3236 131 3300 n,
151 3247 220 3288 cerr.
240 3229 281 3286 Gr
299 3230 309 3300 ΙΙ
333 3236 365 3285 17
385 3228 511 3284 dicerent
528 3231 548 3279 B
569 3228 579 3298 ΙΙ
600 3231 633 3281 18
652 3241 726 3280 nunc
745 3225 778 3279 ut
795 3229 842 3280 etc.
857 3254 891 3264 -
908 3228 941 3277 19
960 3236 1040 3292 rgno-

72 3304 225 3360 minicsurn
242 3305 334 3359 unu!
352 3299 525 3371 n·*ali[qu]o
544 3297 579 3367 (.2)
601 3299 611 3367 ΙΙ
634 3302 668 3352 21
688 3312 750 3351 csse
768 3312 798 3351 re
817 3294 836 3351 f.
856 3299 879 3348 Δ
902 3295 958 3375 [21
978 3291 1040 3362 pul-

73 3376 164 3431 sandu
182 3379 203 3427 B
229 3376 240 3446 t
266 3379 300 3430 23
318 3375 407 3443 temp.
426 3373 522 3426 tamen
540 3369 612 3440 puls.
629 3372 651 3421 B
680 3370 689 3439 {t
716 3372 751 3422 25
769 3367 826 3423 istc
843 3371 873 3437 B,
905 3364 959 3436 rte]
981 3363 1041 3428 Ro,-

73 3485 121 3540 seu
138 3483 172 3550 ef.
193 3483 249 3537 rna.
268 3482 314 3550 rp
330 3487 366 3536 re
381 3479 512 3551 persaeus
532 3477 570 3535 sa
587 3480 654 3552 n,
674 3493 746 3536 cus.
765 3454 1026 3600 (1111ἶῇ11

863 3575 881 3625 b
