2386 3816
338 181 655 239 DECLAMATIONES.
675 182 800 240 OOOXL.
986 185 1051 250 343

86 346 183 410 tanta
214 345 373 430 (harum)
405 368 514 412 rerum
544 347 725 412 differentia
748 351 799 413 est
824 348 859 411 in
883 339 989 413 causis
1013 348 1051 412 li·

89 434 237 501 bertatis.
286 436 321 499 in
358 435 509 501 libertate
549 440 599 500 est
630 436 744 522 igitur,
782 436 927 522 quisquis
965 440 1054 502 earet

88 522 196 587 forma
219 523 396 590 servitutis.
437 525 480 608 id,
503 523 639 609 iudices,
664 546 702 589 ex
724 525 786 590 hee
808 526 882 609 ipsa
904 524 975 612 lege
1000 525 1053 591 ad·

88 611 153 677 hue
184 612 395 678 manifestum
426 617 483 678 est.
527 614 643 692 etenim
672 614 784 698 legum
814 614 900 679 lator
926 616 1056 699 putavit

91 702 191 764 etiem
219 723 288 786 eos,
319 702 374 786 qui
403 724 422 767 a
451 701 591 767 dominis
618 701 699 787 fuga
727 703 893 785 abessent,
923 725 993 769 esse
1021 705 1091 770 ins

90 789 263 855 libertate:
295 790 380 874 quod
405 791 524 877 colligo
549 792 672 875 scripto
697 792 779 857 eius:
809 792 898 876 »qui
921 793 1056 858 volun-

87 880 173 942 tate
197 878 343 944 domini
365 878 405 944 in
427 879 617 945 libertate
640 880 788 946 fuerit«
821 885 972 966 apparet,
997 882 1056 946 ali·

91 989 173 1050 quos
207 972 239 1032 et
270 989 338 1032 non
369 969 536 1033 voluntate
571 969 693 1034 domini
724 970 759 1034 in
792 969 944 1036 libertate
976 992 1055 1036 esse.

92 1056 179 1139 quod
202 1057 230 1121 si
253 1061 456 1141 verum'est,
478 1060 589 1142 potest
616 1058 651 1122 in
677 1057 830 1123 libertate
859 1081 928 1124 esse
957 1061 1056 1124 etiam

92 1145 148 1228 qui
172 1145 256 1210 liber
282 1167 349 1211 non
375 1150 432 1211 est.
660 1191 663 1197 -
1076 1166 1109 1214 10
1151 1205 1153 1209 Α

160 1249 253 1315 Nihil
277 1270 356 1336 ergo
375 1252 508 1336 prodest
525 1253 596 1337 tibi,
619 1273 692 1317 eum
711 1252 801 1337 dieis,
823 1253 964 1318 liberum
982 1275 1057 1319 sum

92 1359 160 1404 non
181 1339 293 1404 fuisse.
337 1361 404 1405 non
427 1340 513 1406 enim
537 1342 717 1426 quaeritur,
745 1363 787 1406 an
809 1343 977 1408 voluntate
999 1346 1057 1408 tua

93 1427 176 1492 liber
194 1427 303 1511 fuerit,
326 1428 383 1493 sed
402 1449 444 1494 an
462 1430 632 1495 voluntate
650 1435 709 1495 tua
726 1431 761 1494 in
778 1431 931 1496 libertate
949 1431 1056 1497 fuerit.

93 1517 122 1580 si
140 1517 310 1581 voluntate
333 1520 391 1582 tus
414 1518 498 1584 liber
508 1521 600 1601 [non]
611 1518 738 1605 fuisset,
761 1520 838 1604 quid
860 1542 920 1585 nos
944 1523 1056 1605 postu-

92 1604 257 1670 laremus?
1077 1627 1110 1675 15

160 1709 323 1795 Depulsus
346 1713 409 1778 hae
427 1735 538 1799 pugna
555 1714 756 1780 transcendit
776 1737 813 1781 eo
819 1766 828 1800 ,
850 1719 888 1780 ut
905 1719 1004 1801 neget
1021 1718 1058 1782 tn

90 1800 239 1866 libertate
261 1801 379 1867 saltem
402 1802 511 1869 fuisse.
542 1803 704 1888 quomodo
724 1803 825 1888 igitur
844 1803 1058 1886 colligemus?

94 1912 176 1972 eum,
201 1891 256 1974 qui
279 1890 314 1954 in
337 1891 488 1956 libertate
508 1891 617 1974 (non)
637 1895 697 1975 est,
719 1892 837 1974 quibus
857 1892 1058 1976 argumentis

95 1979 287 2064 colligemus
304 1979 408 2060 fnisse
426 1981 460 2044 in
477 1980 652 2045 libertate?
672 1980 817 2065 signavit
831 1980 957 2065 aliquis,
975 1983 1057 2045 tam·

95 2090 194 2152 quam
218 2068 317 2132 liber:
341 2068 370 2133 si
392 2069 427 2134 id
447 2068 616 2133 voluntate
639 2068 761 2134 domini
784 2069 907 2152 feeerit,
930 2069 1059 2134 etiamsi
1078 2086 1113 2136 20

94 2157 234 2221 maxime
258 2157 351 2220 illum
375 2179 505 2223 servum
529 2179 598 2224 esse
622 2158 771 2223 dominus
794 2158 898 2223 voluit
921 2179 959 2224 eo
977 2162 1060 2222 tem-

93 2267 181 2329 pore,
194 2245 405 2311 menifestnm
414 2247 627 2330 erit<fuisse>
635 2247 670 2310 in
680 2246 847 2313 libertate:
858 2247 904 2311 sie
914 2249 1059 2332 quisquis

96 2334 219 2418 aliquid
242 2357 302 2419 pro
325 2335 426 2401 libero
449 2334 532 2401 feeit.
565 2336 657 2420 atqui
675 2334 729 2401 hie
747 2358 828 2419 puer
846 2357 914 2400 non
931 2340 1060 2401 tantum

95 2445 154 2506 pro
175 2423 288 2506 libero,
313 2423 369 2488 sed
390 2425 490 2489 etiam
507 2445 568 2508 pro
586 2425 729 2508 ingenuo
749 2427 811 2489 est:
835 2427 1059 2509 praetextatus

95 2511 168 2576 fuit.
214 2513 241 2577 si
271 2512 371 2576 telem
398 2513 492 2578 illum
521 2513 562 2578 ad
590 2512 710 2578 iudices
733 2512 970 2597 perduxissem,
997 2513 1060 2578 hoe
1079 2528 1113 2578 25

96 2601 225 2687 insigne
252 2621 320 2665 non
350 2603 507 2683 [tantum]
536 2601 699 2667 libertatis
728 2600 840 2685 modo,
872 2602 928 2666 sed
961 2603 1060 2668 etiam

96 2688 267 2774 dignitatis
288 2694 382 2756 esset.
406 2690 598 2775 ecquid[em]
612 2711 722 2777 paves,
738 2711 779 2754 ns
799 2691 903 2754 scelus
922 2689 1060 2756 feceris?

170 2907 184 2954 1
204 2898 346 2974 (herum)
364 2899 409 2956 Ro
432 2901 442 2971 ΙΙ
466 2916 551 2956 neusa
570 2902 616 2971 ΔΙΙ
634 2905 650 2955 Β
671 2917 730 2956 esse
748 2905 769 2953 Β
788 2901 799 2971 u
817 2907 833 2955 3
851 2899 901 2955 ifid
919 2905 979 2969 ΑΒ,
997 2899 1064 2957 vide

97 2973 141 3040 ΒΙΙ
155 2973 200 3040 ex]
219 2973 249 3026 et
265 2975 286 3024 Β
301 2973 341 3038 114
359 2989 416 3027 non
435 2971 510 3028 enim
528 2975 586 3040 ΑΒ,
605 2987 675 3027 corr.
694 2972 739 3027 Ro
776 2979 791 3027 Β
811 2989 829 3027 n
846 2989 896 3028 mn.
914 2975 960 3044 ΒΙΙ
973 2972 1064 3029 domi-

98 3061 149 3096 nus
166 3046 201 3109 Β,
221 3042 350 3097 dominos
368 3049 389 3096 Β
407 3046 416 3114 ΙΙ
434 3044 517 3114 fugit
534 3047 569 3112 Β,
588 3043 739 3114 fugerat?
776 3050 809 3098 13
827 3043 913 3114 liber]
932 3045 962 3098 in
979 3044 1064 3099 liber·

100 3116 160 3168 tate
179 3117 200 3165 B
223 3115 234 3182 ΙΙ
255 3117 306 3168 tua
328 3131 378 3171 om.
401 3120 422 3168 Β
446 3118 455 3186 ΙΙ
479 3121 513 3170 14
531 3113 556 3168 si
574 3113 707 3170 libertate
724 3115 873 3171 voluntate
890 3118 929 3169 Βι
951 3118 960 3186 [Ι
984 3114 1064 3187 [non]

98 3186 159 3241 edd.
173 3185 183 3253 ΙΙ
199 3190 232 3239 17
256 3183 376 3241 liberum
394 3189 461 3241 tune
481 3186 582 3240 saltem
601 3190 658 3252 ΑΒ,
676 3185 708 3240 in
725 3186 858 3243 libertate
875 3187 943 3240 tune
963 3185 1066 3241 saltem

97 3255 154 3322 θη
174 3257 260 3312 delevi
276 3258 345 3310 tune
359 3259 369 3328 ΙΙ
384 3262 417 3312 18
435 3255 534 3331 (non)
552 3256 596 3312 Ro
614 3258 623 3326 ΙΙ
643 3263 675 3312 19
695 3273 757 3313 esse
776 3261 828 3325 ΑΒ,
847 3272 916 3311 corr.
935 3255 988 3312 set
1007 3257 1065 3327 1120

97 3327 127 3381 in
146 3330 210 3396 ΔΒ,
229 3343 298 3383 corr.
318 3329 375 3384 Aer
397 3330 407 3400 ΙΙ
425 3335 459 3384 21
479 3327 632 3383 maximum
648 3332 669 3380 Β
692 3329 703 3396 n
723 3333 758 3382 22
776 3325 904 3400 (fuisse)
923 3330 980 3381 Aee
996 3329 1016 3394 t
1030 3328 1075 3379 s'xt

98 3400 160 3468 ΑΒ,
180 3416 249 3454 corr.
269 3401 349 3468 Aerfl
367 3406 401 3456 2³
421 3399 516 3456 *facit
533 3399 707 3472 Altinates
722 3392 1106 3469 ΒὮΒᾎᾺΜΧΞΜ

97 3474 133 3524 27
150 3471 278 3538 equidem
298 3475 358 3541 ΔΒ,
378 3489 448 3531 corr.
470 3473 516 3532 Ro
