2386 3816
160 174 227 241 292
527 171 757 239 QUINTILIANI

163 339 191 404 si
215 335 436 402 miserabilem
462 335 643 419 refecerit,
666 336 695 401 si
718 335 838 402 amisso
862 336 966 401 altero
985 335 1056 399 filio
1077 333 1132 399 de-

161 428 313 510 precatus
336 423 436 489 fuerit
458 445 519 508 pro
543 426 668 491 iuvene.
696 427 773 490 sunt
791 425 856 490 ista
872 424 909 489 in
928 423 1001 489 aliis
1020 423 1132 489 causis

161 514 360 601 potentiora:
394 512 448 577 hic
474 517 582 598 pater,
612 514 678 579 nisi
706 513 899 597 prior<um>
924 533 1057 579 securus
1081 516 1134 578 est

161 603 197 667 in
228 603 290 668 hoc
319 601 454 685 iudicio,
487 602 643 668 mentitur
672 623 732 686 pro
763 603 845 668 filio:
881 623 949 667 non
979 605 1050 666 tam
1081 601 1135 666 illi

125 707 245 777 oopus
270 693 321 758 est
345 712 443 775 opera
467 690 628 775 advocati,
652 712 750 776 quam
773 690 835 756 fide
858 690 962 756 testis.

538 953 762 1024 cccxxlx.

300 1095 496 1182 Sepultura
517 1068 682 1183 tyranni,
706 1097 770 1179 qui
793 1114 831 1164 se
853 1096 997 1165 occidit.

162 1240 227 1317 QUI
259 1257 452 1306 mannum
485 1254 685 1322 oculorum,
718 1257 756 1304 In
785 1255 878 1304 rouo
902 1256 1135 1308 snrnnmrun.

159 1343 162 1351 ’
250 1327 291 1393 In
318 1329 506 1412 pestilentia
536 1348 728 1412 responsum
752 1331 814 1411 est,
847 1331 1024 1412 tyrannum
1050 1332 1135 1398 oeci-

108 1433 141 1484 10
239 1415 400 1482 'dandum
437 1417 565 1500 ipsese
589 1416 714 1483 occidit.
746 1419 863 1500 petunt
885 1417 1076 1504 propinqui,
1097 1424 1137 1485 ut

159 1521 165 1529 ·
250 1504 381 1570 infero
407 1504 592 1586 sepeliatur.

483 1750 821 1820 DECLAMATIO.

227 1893 348 1983 ingens
371 1895 549 1963 calumnia!
577 1895 678 1980 pudet
700 1916 752 1960 me
775 1894 905 1961 hercule
929 1896 1051 1978 me[ee]
1078 1917 1134 1962 ac-

110 2068 112 2073 ¹
160 1984 270 2052 tionis.
301 2007 387 2052 nnnc
410 2005 471 2069 ego
494 1983 645 2069 negabo?
669 1982 769 2070 quid?
793 1984 822 2049 si
845 1982 1017 2050 ostendero
1045 2006 1136 2071 eum,

107 2088 142 2138 15
162 2073 218 2158 qui
244 2073 370 2139 civitati
396 2074 584 2139 libertatem
608 2072 794 2157 abstulerit,
825 2073 881 2158 qui
902 2071 993 2157 leges
1018 2077 1133 2140 sustu·

161 2160 253 2245 lerit,
284 2162 341 2245 qui
375 2162 500 2246 templa
533 2161 719 2246 violaverit,
752 2161 807 2247 qui
840 2161 967 2226 iniuriis
1002 2163 1134 2228 nostris

161 2249 246 2314 iram
275 2250 410 2315 deorum
442 2249 667 2314 inmortalium
700 2249 923 2333 commoverit,
950 2250 1134 2334 tyrannici-

162 2338 237 2404 dam
259 2361 327 2404 non
350 2338 474 2404 fuisse?
497 2339 637 2403 multum
661 2337 785 2423 alioqui
809 2337 955 2404 effecisse
980 2340 1137 2405 oratione

162 2449 235 2494 mea
269 2427 414 2494 videbor.
479 2426 722 2513 interpretanda
764 2427 859 2492 nobis
906 2425 989 2512 legis
1031 2427 1142 2512 ipsius

109 2531 145 2583 20
163 2516 315 2582 voluntas
343 2520 405 2600 est3
439 2515 516 2600 quid
547 2516 742 2600 spectaverit
769 2515 839 2599 ille,
870 2515 925 2600 qui
955 2517 1138 2583 constitue·

162 2606 236 2688 bat,
272 2604 446 2690 diligenter
478 2604 530 2688 (ut
560 2625 612 2669 res
644 2602 708 2690 est)
739 2608 773 2669 et
804 2603 871 2669 alte
901 2604 1142 2689 exquirendum

163 2697 262 2779 atque
286 2694 471 2760 eruendum.
510 2713 571 2779 ego
596 2692 676 2757 mihi
701 2692 853 2778 arbitror,
877 2692 1008 2779 iudices,
1031 2716 1143 2780 pauca

163 2803 223 2865 pro
255 2783 365 2868 legum
398 2781 503 2847 latore
536 2803 607 2847 esse
639 2780 788 2861 dicenda,
821 2803 862 2846 ne
895 2784 964 2846 tam
998 2783 1143 2851 obscure

164 2869 226 2935 hoo
263 2872 452 2955 occulteque
490 2871 658 2956 scripsisse
694 2870 851 2936 videatur.
901 2892 943 2935 an
978 2892 1049 2937 non
1090 2879 1144 2940 est

238 3101 252 3148 1
273 3094 433 3152 mirabilem
453 3102 494 3150 Aa
515 3100 525 3167 ΙΙ
550 3103 566 3152 2
585 3113 684 3152 causas
708 3102 750 3153 Ac
771 3099 780 3169 ΙΙ
803 3104 819 3153 9
837 3097 966 3169 potentia
983 3103 1004 3151 B
1027 3100 1038 3168 ΙΙ
1062 3101 1144 3171 prior

165 3184 262 3225 securo
282 3172 317 3235 Δ,
337 3166 414 3236 prior
433 3170 584 3236 sequutura
602 3173 623 3221 B
642 3169 729 3239 (prior
744 3172 872 3226 secuturo
892 3176 913 3223 P
930 3191 937 3236 ;
960 3169 1040 3240 prior
1061 3189 1143 3227 secu-

165 3256 213 3294 rus
233 3237 286 3306 Fr,
309 3236 476 3321 prior<um>
496 3255 606 3294 securus
626 3239 687 3307 aa·
714 3258 752 3296 aa
770 3240 844 3296 *nisi
862 3259 882 3311 p
917 3238 1018 3314 op>ior
1037 3257 1143 3299 securo

166 3310 259 3364 estin
276 3311 331 3366 hoc
350 3309 466 3380 marcio,
485 3309 620 3365 mentitur
639 3312 668 3381 (i.
688 3328 709 3366 e.
728 3313 837 3368 videtur
854 3313 975 3382 mentm)
996 3317 1045 3368 etc.
1107 3320 1143 3371 13

166 3396 223 3448 me,
242 3380 370 3450 hercule,
389 3381 447 3437 Aer
460 3383 469 3451 ll
484 3381 589 3453 me[ae]
609 3383 667 3438 edd.
682 3383 692 3454 l
707 3387 741 3437 14
759 3383 904 3439 ostendere
922 3383 1045 3453 Bll18*
1085 3385 1144 3443 'cni

162 3449 200 3522 (ἵ)
210 3452 228 3523 ᾖ
239 3451 330 3510 oratio
350 3457 393 3509 Aa
405 3455 416 3528 ΙΙ
429 3458 463 3511 21
484 3455 517 3510 ut
535 3451 593 3510 alte
612 3456 660 3507 n
672 3454 733 3525 ΗΖ
749 3455 932 3511 erudiendum
949 3460 973 3508 Δ
