2386 3816
112 125 132 188 6
379 202 384 212 1
472 122 699 190 ommium

112 288 275 372 occepisti.
320 287 450 440 Itaquet
462 290 495 351 et
480 286 607 352 talias
631 309 758 372 quoque
782 287 986 353 condiciones
1009 285 1080 351 fru-

112 376 244 462 galitati
262 380 337 441 tuae
356 377 450 461 ponit
470 377 592 441 amicus
610 379 779 461 paternus:
803 377 831 441 si
849 377 978 459 vixeris,
998 398 1078 478 quo·

112 466 208 531 modo
232 466 350 531 videris
356 400 502 549 pfecisse,
539 465 566 530 ei
589 466 720 530 tenendi
744 465 853 551 potius
876 465 1078 550 patrimonii,

112 577 209 640 quam
224 555 392 620 auferendi
409 555 561 620 habueris
580 577 700 639 curam,
719 558 770 621 est
755 555 893 620 tadhuc
912 554 1027 640 quodt
1012 555 1077 619 tibi

76 645 217 729 opossit
243 644 385 710 tribuere
412 644 647 728 patrimonium
677 646 862 729 paternum3
891 643 948 710 sed
971 644 1078 710 adhuc

112 733 213 799 habet
236 756 337 799 suum.

377 940 388 964 ·
499 907 685 977 ooxnvl.

313 1032 510 1119 Superatus
534 1033 646 1102 fortis
669 1034 872 1118 priuignus.

111 1176 173 1254 Qui
200 1177 330 1243 fortiter
356 1177 491 1257 fecerat,
518 1177 606 1242 bello
633 1178 824 1243 imminente
853 1199 1003 1262 soporem
1032 1178 1076 1242 ab

59 1282 91 1331 10
199 1289 340 1333 noverca
372 1266 553 1332 subiectum
584 1267 678 1332 bibit.
725 1289 856 1332 cansam
880 1266 962 1332 dixit
991 1270 1076 1331 tam·

199 1355 483 1510 pieipppicidesertor.
534 1355 704 1421 absolutus
738 1359 868 1422 accusat
898 1377 1076 1422 novercam

421 1583 759 1653 DECLAMATIO.

176 1709 326 1795 Etiamsi,
349 1711 479 1794 iudices,
503 1715 637 1776 eventus
660 1711 828 1799 proximae
850 1731 966 1776 causae
991 1711 1075 1776 satis

58 1815 91 1865 15
110 1800 211 1867 uideri
243 1803 352 1885 potest
383 1801 481 1865 etiam
511 1801 546 1865 in
576 1799 659 1866 hanc
688 1822 814 1887 quoque
833 1800 1075 1885 pronuntiasse,

110 1890 251 1974 primum
265 1893 376 1955 tamen
390 1889 512 1955 doloris
532 1890 597 1955 mei
610 1889 851 1974 professionem
868 1889 1076 1954 dissimulare

108 2001 175 2044 non
197 2001 345 2064 possum,
383 1980 469 2065 quod
505 2001 677 2045 novercam
714 1982 791 2045 ante
825 2001 975 2044 accusare
1007 2000 1076 2043 non

78 2087 84 2096 ’
109 2068 210 2152 potui.
235 2068 336 2134 debeo
351 2068 481 2152 quidem
496 2069 665 2134 sententiis
679 2069 821 2134 iudicum
836 2068 960 2151 omnia3
974 2067 1075 2133 homo

109 2159 228 2240 tamen,
252 2157 480 2240 gravissimam
498 2157 651 2223 iniuriam
670 2180 796 2242 passus,
820 2157 925 2223 adhuc
942 2159 1075 2222 tantum

55 2261 90 2310 ao
110 2245 281 2311 absolutus
315 2268 396 2311 sum.
441 2244 566 2310 Verum
594 2268 647 2311 me
671 2247 819 2331 quamvis
842 2247 1015 2330 praecipue
1039 2247 1075 2310 in

110 2334 174 2399 hoc
196 2334 351 2400 iudicium
374 2337 452 2420 agat
473 2335 557 2400 ultio
580 2336 687 2414 †talis
710 2336 793 2401 illud
815 2335 978 2422 quidem†
992 2336 1078 2420 peri·

111 2424 216 2488 culum
236 2423 338 2489 fallit:
357 2424 454 2489 hodie
474 2425 691 2510 constituetis,
709 2447 752 2490 an
771 2425 888 2490 merito
903 2425 1076 2490 absolutus

111 2513 181 2577 sim.
210 2514 296 2579 inter
325 2535 451 2580 summa
475 2513 663 2580 discrimina
684 2515 731 2579 rei
749 2515 898 2599 publicae
921 2535 989 2579 non
1012 2514 1076 2579 fuit

110 2621 270 2667 venenum
301 2651 1069 2669 ..................

57 2708 91 2757 ao
118 2741 438 2757 ........
468 2712 537 2777 egos
554 2691 690 2757 deserui.
736 2690 872 2778 Siquid
898 2695 1008 2757 autem
1033 2691 1075 2756 ad

109 2780 193 2846 hanc
230 2781 483 2865 praeteritorum
514 2781 774 2866 indignationem
812 2780 938 2847 adicere
974 2781 1080 2846 etiam

109 2869 215 2934 forma
223 2871 283 2951 [m]
316 2870 454 2955 ipsa[m]
487 2870 598 2936 iudicii
629 2873 752 2956 potest:
785 2870 866 2935 illud
899 2875 987 2936 certe
1016 2874 1076 2955 est,

111 2959 198 3043 quod
220 2959 313 3024 nulla
335 2960 442 3042 possit
464 2960 604 3025 tolerare
627 2960 800 3045 patientia,
825 2960 910 3045 quod
935 2982 969 3025 se
993 2959 1076 3025 mihi

110 3047 278 3113 contendit
313 3070 454 3114 noverca
485 3049 678 3114 beneficium
711 3049 844 3115 dedisse.
890 3071 949 3114 vos
978 3051 1076 3114 aesti-

54 3153 90 3202 30
110 3136 224 3202 mabit
199 3141 255 3222 tie,
275 3137 352 3223 quid
371 3138 410 3202 de
428 3158 569 3221 persona
588 3138 651 3204 hac
670 3138 832 3204 sentiatis:
855 3160 921 3204 non
943 3137 1077 3203 fecisset

180 3277 341 3361 3cocpiese
357 3277 393 3349 (9)
408 3279 452 3335 Ro
465 3282 475 3350 [Ι
494 3285 527 3362 ‚²1
548 3297 587 3336 aa
604 3280 706 3349 *ultio
724 3281 820 3335 tamen
838 3296 874 3335 ne
891 3278 934 3334 ill.
954 3279 989 3348 (Ρ)
1010 3282 1019 3350 t
1040 3285 1098 3345 22,

109 3349 190 3404 *aba
210 3349 262 3404 sim
281 3349 394 3405 intere.
415 3351 442 3405 d
461 3350 503 3406 rei
519 3351 659 3421 publicae.
687 3321 827 3421 „⁷nonf.'
818 3369 837 3406 1.
856 3355 929 3407 ven}
931 3350 985 3421 ι(9)
1008 3354 1017 3422 t
1041 3357 1076 3406 25

107 3420 171 3488 qais
188 3425 219 3490 Δ
240 3437 307 3477 corr
327 3421 437 3492 1911127
457 3370 609 3498 *forma[m
610 3394 750 3497 ]ipsdtm
749 3423 764 3496 1
