2386 3816
307 152 627 211 DECLAMATIONES.
648 153 838 209 cccxxxix.
989 156 1055 220 339

94 317 272 382 1001001110
297 317 467 400 dicturum,
490 320 624 401 propter
648 339 730 401 quae
754 318 929 401 adprobari
951 317 1056 401 possit

93 407 222 490 rogatio
255 427 339 490 mea,
372 405 524 470 oratoriis
552 405 677 470 artibus
709 406 865 490 impedire
894 429 970 490 pars
1002 406 1055 470 ad-

93 507 187 560 versa
211 498 355 559 conatur.
387 497 488 579 negat
511 493 596 559 enim
615 495 819 579 rogationem
838 501 951 561 contra
965 496 1055 581 leges

94 582 324 668 accipiendam,
346 587 447 668 negat
470 583 624 647 adversus
650 583 807 668 singulos.

159 670 303 756 Quorum
331 691 392 755 ego
421 667 595 756 utrumque
619 671 787 757 confiteor,
819 693 931 736 verum
953 688 1091 756 nequas

93 761 247 826 adversus
266 761 356 846 leges
376 782 447 825 esse
466 760 627 843 existimo,
651 760 807 844 quidquid
824 782 884 844 pro
903 760 1056 845 opinione

93 872 130 915 ao
153 871 213 933 pro
239 849 399 934 dignitate
424 848 566 914 civitatis
590 850 729 932 petimus
759 853 792 914 et
815 849 866 913 cui
888 848 980 914 nulla
1004 849 1056 913 lex
1176 926 1178 930 Ι

93 943 213 1022 scripta
242 959 280 1002 ex
313 937 474 1003 contrario
502 938 614 1003 obstat.
658 960 735 1002 nam
762 938 900 1021 siquod
925 937 1057 1020 estius,

93 1048 156 1110 quo
189 1027 392 1092 contineatur
424 1025 498 1111 hoc,
530 1031 568 1091 ut
600 1027 679 1091 mali
708 1027 806 1091 etiam
836 1027 913 1109 <00>
944 1029 1055 1109 turpes

92 1116 176 1179 cives
200 1116 311 1198 utique
336 1115 479 1180 consiliis
503 1114 643 1199 publicis
667 1115 836 1199 intersint,
859 1115 971 1180 videor
991 1115 1055 1180 for·
1076 1129 1109 1178 10

92 1208 178 1268 00000
205 1203 289 1268 hano
318 1204 522 1288 rogationem
546 1207 660 1269 contra
682 1203 772 1289 leges
797 1203 977 1287 scripsisse.
1029 1203 1057 1269 si

91 1314 167 1356 vero
196 1291 279 1357 nihil
308 1296 372 1375 est,
405 1293 489 1376 quod
517 1314 556 1357 ex
584 1293 747 1357 contrario
776 1293 956 1376 †oogat†,
989 1314 1057 1357 non

91 1384 201 1464 potest
228 1380 330 1446 videri
358 1381 420 1445 hoe
444 1380 597 1446 adversus
619 1380 653 1445 id
677 1381 833 1465 scriptum
856 1403 941 1464 esse,
970 1381 1056 1466 quod

23 1483 24 1487 ’
90 1492 156 1534 000
180 1469 299 1535 obstat.
344 1469 431 1534 Illud
454 1491 531 1536 vero
555 1469 722 1554 aliquanto
746 1470 853 1535 minus
876 1470 1056 1535 existimari

90 1580 233 1643 possum,
266 1559 420 1623 adversus
454 1559 603 1645 singulos
635 1559 805 1643 scripsisse
828 1560 948 1644 legem,
982 1580 1054 1623 cum
1075 1573 1107 1622 10

90 1650 177 1712 certe
200 1647 289 1712 mille
314 1647 389 1731 sint,
415 1648 453 1712 de
477 1648 596 1732 quibus
620 1648 739 1731 agitur.
785 1669 982 1731 quamquam
1005 1670 1054 1712 ra-

89 1736 214 1802 tionem
237 1737 350 1820 etiam,
376 1740 511 1820 propter
534 1735 620 1820 quod
642 1757 708 1800 non
731 1736 828 1800 liceat
849 1736 1054 1821 rogationem

90 1828 203 1890 contra
233 1824 382 1909 singulos
409 1824 508 1909 ferre,
540 1824 633 1888 illam
660 1824 767 1903 video,
800 1823 885 1907 quod
920 1828 1054 1906 peccata

91 1913 292 1999 singulorum
319 1914 489 1979 videantur
516 1913 636 1977 habere
663 1913 752 1997 leges
785 1933 869 1977 0000.
919 1911 1053 1977 homici-

89 2002 176 2066 dium
199 2002 278 2067 fecit
301 2003 431 2087 aliquis,
460 2001 679 2086 sacrilegium,
707 2001 859 2065 iniuriam
882 2003 1052 2084 ceteraque
1071 2015 1105 2065 20

88 2089 140 2154 his
165 2091 299 2156 similia:
324 2113 382 2157 suo
400 2092 470 2156 iure
488 2091 630 2176 punitur.
663 2110 736 2156 cum
754 2111 830 2155 vero
846 2089 937 2154 mille
953 2089 1053 2154 semel

89 2179 263 2263 capiendos
286 2202 320 2245 se
345 2179 592 2265 alligandosque
614 2178 704 2244 hosti
724 2178 949 2263 praebuerint:
972 2177 1053 2243 haec

89 2263 142 2353 (ut
174 2267 303 2354 opinor)
337 2273 525 2354 supersunt,
556 2272 594 2333 ut
625 2271 682 2333 aut
712 2269 803 2333 nulla
836 2268 1053 2351 castigatione

89 2357 221 2442 dignam
243 2379 325 2442 rem,
349 2359 405 2442 qui
428 2363 541 2423 contra
566 2357 685 2441 dicunt,
708 2359 836 2441 putent3
867 2360 925 2420 aut
948 2355 977 2420 si
1001 2376 1051 2420 ca·

88 2446 241 2530 stiganda
264 2447 317 2530 sit,
340 2447 513 2512 ostendant
533 2447 650 2531 legem,
674 2468 737 2530 qua
760 2444 914 2528 castigari
931 2443 1050 2528 possit3
1070 2459 1104 2509 00

89 2538 146 2599 000
169 2535 284 2601 sinon
308 2536 493 2621 ostendunt,
515 2535 597 2602 nihil
621 2535 707 2599 aliud
730 2556 827 2618 quam
845 2533 1050 2618 rogationem

88 2645 257 2707 superesse
280 2623 454 2690 fateantur.

154 2712 299 2777 Primum
326 2713 428 2797 igitur
455 2713 518 2779 hoc
546 2712 631 2797 apud
654 2733 727 2797 vos,
754 2710 982 2795 Athenienses,
1005 2708 1051 2774 di-

161 2947 175 2995 1
195 2940 271 3011 quod
288 2945 309 2993 Β
323 2943 333 3011 n
347 2947 362 2995 6
382 2957 443 2996 esse
461 2958 511 2997 om.
530 2946 551 2994 Β
565 2943 575 3012 ΙΙ
589 2946 658 2996 0-7
679 2955 725 3010 op.
745 2940 773 2994 et
791 2937 820 2993 di
861 2984 866 2996 .
880 2944 901 2993 Β
915 2943 925 3010 t
939 2947 954 2996 7
975 2939 1048 3010 pati-

85 3032 149 3069 mur
175 3017 238 3080 ΔΒ,
267 3028 336 3067 corr.
355 3011 414 3077 Ro;
440 3011 558 3067 facimus
582 3013 639 3067 Aer
660 3013 670 3081 t
692 3027 756 3066 cum
773 3015 794 3063 Β
851 3018 867 3067 8
888 3012 965 3067 extat
987 3014 1048 3079 ΑΒ,

88 3101 156 3140 corr.
176 3084 221 3138 Ro
244 3085 253 3152 ΙΙ
276 3089 346 3138 8-9
365 3085 409 3137 000
426 3082 456 3137 in
475 3100 530 3152 quo
547 3088 568 3136 Β
587 3083 596 3154 ΙΙ
615 3089 630 3138 9
650 3083 757 3138 ettam
774 3087 795 3135 Β
809 3084 818 3152 ΙΙ
832 3080 902 3166 (et)
919 3082 964 3137 Ro
984 3083 994 3150 d
1016 3087 1048 3135 12

87 3159 169 3211 coeat
187 3159 221 3222 A3
242 3160 400 3223 expectatur
418 3153 537 3210 *valeat
555 3155 685 3225 (dicatur)
706 3155 715 3223 ΙΙ
737 3159 769 3209 10
788 3154 819 3208 id
838 3153 981 3224 scripsisse
1001 3170 1047 3221 qu.

87 3231 107 3279 Β
122 3229 132 3297 ΙΙ
149 3233 182 3280 14
202 3227 312 3281 substat
329 3224 547 3298 Bflexistimare
566 3230 626 3293 AB,
645 3241 713 3280 corr.
732 3225 777 3280 Bc
795 3226 842 3292 css.
862 3227 968 3290 341,11
986 3224 1049 3292 pot-

89 3300 132 3353 est
152 3297 229 3353 eredi
248 3295 296 3366 qui
314 3298 369 3353 hoc
387 3297 482 3367 facitu
502 3302 535 3352 10
553 3297 648 3351 nullae
666 3300 687 3349 Β
706 3298 715 3367 ΙΙ
734 3300 767 3351 17
786 3295 861 3378 quod
879 3293 949 3348 mihi
967 3293 986 3349 1.
1004 3297 1026 3346 Β
1040 3293 1057 3362 tt

85 3375 120 3424 20
138 3369 302 3424 iniuriarum
320 3373 368 3422 ΔΒ
391 3371 401 3440 ΙΙ
423 3375 456 3423 21
476 3367 629 3439 puniuntur
646 3371 667 3419 Β
689 3369 704 3438 tt
722 3371 759 3421 00
776 3367 839 3421 sint
848 3370 878 3417 Β
888 3367 913 3433 t
923 3362 1067 3417 saeuam

84 3446 163 3494 Β-1’
175 3444 185 3511 1]
197 3439 309 3510 possint
324 3445 347 3492 Β
358 3443 370 3512 1}
384 3447 417 3497 00
438 3441 595 3499 ostendant
614 3441 672 3498 Aer
683 3440 701 3512 tt
713 3454 806 3509 auam
822 3452 881 3492 osa.
891 3439 921 3486 Β

869 3519 931 3577 Ὦ*
