2386 3816
155 157 220 222 340
521 153 753 222 oumrmnm

152 320 239 385 xisse
258 320 434 384 contentus
452 339 533 402 sum,
557 317 788 401 aequissimum
807 315 936 400 quidem
955 338 992 381 ac
1006 316 1120 381 iustis-

153 409 274 472 simum
291 429 370 490 esse,
389 409 426 471 ut
444 407 564 491 populo
584 406 678 470 detur
692 426 819 470 summa
833 426 941 469 rerum
956 408 1119 490 potestas:

153 496 324 562 consilium
352 498 463 562 tamen
492 516 558 560 non
580 494 692 580 utique
715 494 816 559 turbe
842 515 946 578 neque
973 494 1120 560 tumultu

153 606 256 669 neque
284 585 448 669 angustiis
474 606 600 665 eorum,
627 583 682 667 qui
709 583 931 667 consulantur,
959 591 1120 649 constare.

118 675 281 738 cutinam
304 673 433 758 quidem
456 674 528 738 fieri
549 675 672 757 posset,
700 675 737 736 ut
760 693 800 736 ex
822 671 974 737 universo
997 673 1120 756 populo

152 763 274 827 reicere
296 785 334 826 ao
353 762 490 847 seligere
507 762 620 826 liceret
639 782 705 843 eos,
727 761 784 844 qui
801 783 916 845 porum
934 760 1121 845 prudentes,

152 873 269 935 parum
292 851 385 934 digni
408 850 550 915 consiliis
575 848 717 933 publicis
734 849 929 916 viderentur.
966 849 1022 914 sed
1040 871 1121 932 quo-

152 941 241 1006 niam
263 939 352 1004 istud
370 938 567 1022 deprehendi
584 938 649 1002 nisi
667 938 897 1021 experimentis
916 960 983 1002 non
1000 941 1121 1022 potest,

153 1028 193 1093 de
224 1029 276 1092 his
309 1028 438 1093 demum
465 1027 668 1112 rogationem
695 1025 780 1111 fero,
808 1027 863 1111 qui
887 1027 1011 1112 experti
1035 1031 1121 1092 sunt.

102 1131 135 1180 10
155 1118 244 1200 atqui
275 1117 305 1181 si
330 1117 392 1182 hoc
420 1116 506 1201 apud
532 1131 590 1181 vos
619 1137 686 1181 non
711 1116 795 1180 male
822 1116 1037 1180 constitutum
1062 1118 1122 1198 est,

153 1227 225 1271 esse
258 1206 399 1291 aliquos,
416 1206 487 1290 -qui
517 1204 662 1270 consiliis
691 1204 832 1289 publicis
864 1204 1021 1269 interesse
1054 1226 1122 1268 non

154 1293 307 1359 debeant:
330 1295 397 1359 iam
420 1294 525 1359 multo
547 1293 677 1359 facilius
705 1315 743 1358 ac
761 1294 894 1378 pronius
914 1293 987 1376 erit,
1008 1297 1046 1356 ut
1065 1293 1120 1358 do·

154 1403 244 1446 ceam
271 1381 332 1446 hos
361 1403 445 1466 esse,
472 1382 541 1467 qui,
571 1382 702 1446 etiamsi
729 1383 826 1446 utiles
850 1382 994 1446 consiliis
1018 1381 1122 1446 futuri

154 1473 276 1552 essent,
307 1471 432 1555 indigni
464 1475 576 1534 tamen
607 1474 744 1555 propter
780 1470 917 1535 dedecus
952 1470 1121 1553 proximae

101 1571 134 1621 15
153 1558 290 1623 militiae
312 1562 413 1625 erant.

221 1647 270 1712 Ac
297 1647 380 1712 mihi
408 1648 443 1712 in
465 1647 546 1711 haec
569 1645 742 1712 dividenda
764 1645 892 1712 videtur
915 1647 999 1712 ratio
1023 1648 1121 1713 istius

155 1736 323 1820 orationis,
346 1741 383 1801 ut
404 1759 483 1822 pars
502 1736 543 1800 ad
561 1737 661 1820 ipsos,
683 1736 722 1801 de
742 1735 857 1819 quihus
877 1737 1003 1821 loquor,
1026 1759 1118 1820 spec-

154 1830 212 1910 tet,
235 1847 314 1909 pars
338 1826 379 1891 ad
402 1826 587 1890 uniuersam
609 1847 678 1890 rem
701 1825 874 1909 publicam.
926 1839 928 1843 ·

222 1914 388 1980 Adversus
412 1916 495 1980 istos
517 1915 580 1978 hoc
603 1913 724 1979 dixisse
747 1917 916 1978 contentus
941 1935 1026 1978 sum:
1051 1914 1121 1978 bel·

101 2017 137 2066 20
155 2004 223 2068 lum
256 2004 409 2068 adversus
436 2003 625 2086 Philippum
654 2002 852 2086 suscepimus
880 2024 939 2086 pro
968 2002 1122 2068 libertate

154 2092 258 2156 totius
282 2090 446 2176 Graeciae,
469 2114 528 2175 pro
553 2091 659 2157 salute
682 2092 854 2157 communi.
889 2112 967 2155 nam
990 2091 1123 2156 etiamsi

155 2181 190 2244 in
227 2181 412 2262 praesentia
448 2181 587 2246 amicam
620 2180 800 2263 ciuitatem,
836 2179 1008 2244 nobiscum
1041 2181 1122 2245 olim

156 2268 374 2352 coniunctam,
401 2269 487 2334 tueri
518 2269 721 2351 videbamur,
749 2272 882 2334 eventus
904 2271 1016 2333 tamen
1040 2269 1121 2334 belli

156 2357 197 2422 ad
225 2378 337 2422 omnes
368 2358 566 2442 pertinebat:
598 2363 630 2423 et
656 2359 720 2423 hoc
746 2358 858 2442 nobis,
889 2357 1119 2441 Athenienses,

103 2460 138 2509 25
158 2449 249 2510 vetus
273 2450 370 2532 atque
394 2470 413 2512 a
436 2447 613 2511 maioribus
631 2446 790 2512 traditum
809 2451 869 2530 est,
889 2468 949 2530 pro
968 2448 1121 2512 universa

157 2533 292 2599 Graecia
318 2539 413 2601 stare.
459 2536 506 2601 sic
529 2539 641 2601 contra
671 2535 786 2601 Persas
816 2536 915 2600 semel
939 2535 1121 2620 iterumque

154 2623 372 2706 pugnavimus
387 2646 424 2690 ac
442 2625 578 2708 privatis
598 2625 721 2689 viribus
739 2624 942 2688 defendimus
956 2625 1121 2706 publicum

156 2711 303 2778 salutem.
339 2713 406 2777 iam
429 2713 531 2798 igitur
553 2734 592 2778 ex
615 2713 676 2778 hoc
695 2717 832 2797 apparet
849 2712 998 2796 profecto
1018 2715 1120 2796 vobis,

155 2819 331 2882 numquam
367 2802 490 2866 maiore
529 2802 650 2887 animo,
691 2824 869 2887 numquam
906 2802 1119 2867 concitatiore

103 2901 137 2949 30
156 2886 272 2968 spiritu
296 2887 396 2953 fuisse
418 2890 639 2973 pugnandum.
666 2892 839 2956 nonenim
857 2890 951 2955 nobis
972 2913 1045 2956 cum
1064 2891 1119 2956 ho-

157 2974 269 3058 ste<e>
303 2974 441 3042 Graecia
473 2979 581 3063 aliquo
614 3001 666 3044 res
698 2982 785 3062 erat,
817 2980 890 3063 uhi,
922 3001 1120 3065 quamquam

227 3154 245 3203 4
263 3149 444 3205 consolentur
460 3155 535 3223 11116
554 3155 585 3208 ut
603 3153 626 3208 si
644 3154 738 3225 legere
757 3156 832 3225 3119
857 3153 1008 3224 experti
1026 3155 1120 3223 11110

155 3219 213 3275 tule
232 3225 298 3289 AB,
317 3236 387 3276 corr.
409 3221 465 3277 Obr
486 3224 495 3292 11
520 3229 552 3278 12
571 3225 676 3279 multos
695 3230 744 3278 AB
768 3229 776 3297 11
800 3232 832 3280 13
852 3226 885 3280 h⁰
903 3230 939 3294 B,
956 3225 1011 3281 hoc
1029 3229 1121 3296 11111

157 3295 237 3345 erant
254 3292 369 3361 1101115
388 3293 514 3350 malitiae
533 3299 555 3346 A
573 3297 582 3366 11
604 3301 637 3351 17
656 3314 720 3367 pars
739 3313 789 3352 om.
808 3298 899 3367 3119
919 3296 1052 3352 adversos
1071 3302 1094 3359 A
1111 3298 1120 3367 11

155 3367 191 3416 20
208 3362 382 3435 Phylippum
399 3370 437 3419 Bo
454 3367 463 3436 11
484 3371 518 3420 26
537 3366 631 3436 gratia
649 3373 673 3421 A
685 3370 694 3438 11
713 3374 746 3422 31
767 3367 865 3424 Greoic
885 3374 917 3438 A,
935 3367 1070 3424 Graeciae
1088 3372 1120 3437 B,

143 3449 213 3490 corr,
236 3435 324 3508 Αεν1
336 3436 449 3510 aliquos
469 3437 614 3497 referat}
