2386 3816
492 170 706 227 ranacario.
1007 159 1080 228 'x111

111 322 162 381 Pii
183 322 231 381 ΠΙ
255 323 376 382 nomine
400 323 524 382 ornatus
549 342 699 383 summum
721 324 929 398 pontificatum
952 324 1079 401 adeptus

112 412 183 499 est)
217 419 290 479 data
318 420 393 480 haec
421 421 538 480 scribit:
571 420 741 494 „Centum
770 424 805 481 et
831 422 991 498 triginta
1019 440 1080 480 sex

110 516 334 586 Quintiliani
361 518 654 578 declamationes
682 519 724 578 ad
752 521 787 578 te
816 539 930 595 nuper
953 539 969 578 e
994 518 1079 578 Ger·

110 615 233 675 mania
265 615 398 675 missas
426 615 603 685 Quintiliani
635 635 702 676 esse
737 609 807 696 (sic)
835 617 979 691 arbitror,
1014 607 1078 697 (ut)

110 717 166 774 etc.
186 758 220 774 ..
259 711 469 773 Coniecturam
495 713 594 772 facere
623 732 659 772 ex
686 716 752 790 ipso
780 715 879 774 codice
902 715 986 790 lieet,
1019 715 1079 791 pri·

111 831 195 870 mum
225 811 305 887 quod
331 812 518 870 trecentas
543 811 737 889 sexaginta
760 812 877 872 fuisse
900 812 1077 888 ostenditur,

112 927 201 985 quem
230 926 391 967 numerum
413 908 512 967 nescio
537 925 575 966 an
598 909 675 968 alius
700 929 790 986 quam
815 910 869 980 Qu.
893 909 1077 986 impleverit3

113 1007 221 1066 deinde
245 1006 386 1083 quoniam
410 1004 470 1076 Qu⁰
493 1007 716 1084 attribuuntur3
739 1026 795 1067 nec
817 1009 913 1067 multo
936 1010 1005 1083 post
1025 999 1080 1077 Qu¹

114 1109 252 1182 tempora
286 1104 468 1180 exscriptum
495 1105 568 1162 tam
595 1108 780 1165 vetustum
808 1105 968 1165 codicem
996 1109 1078 1180 puto,

115 1207 152 1262 ut
180 1203 276 1262 errari
298 1206 362 1261 tam
384 1202 497 1262 recenti
519 1202 665 1263 memoria
686 1203 737 1262 vix
759 1203 901 1279 potuerit.
921 1247 954 1263 ..
992 1203 1079 1262 Sub·
1117 1245 1120 1248 >

115 1305 326 1377 sequuntur
342 1300 379 1359 in
402 1299 524 1360 codice
548 1298 853 1359 declamationum
876 1299 1032 1359 Senecae
1051 1301 1079 1358 X

113 1399 282 1461 libri...
315 1397 517 1457 Secundum
548 1397 612 1456 has
646 1396 830 1457 Calfurnii
863 1397 985 1457 Flacci
1018 1417 1079 1456 ex·

113 1500 242 1574 ceptae
266 1497 413 1572 quaedam
437 1513 550 1571 paucae
568 1493 788 1570 perbrevesque
807 1496 1078 1556 sententiae...

116 1595 190 1655 Post
217 1590 297 1653 hunc
321 1587 434 1654 ‘Finis
460 1584 735 1667 Excerptarum'
759 1590 958 1650 subscribitur
980 1591 1077 1651 literis

116 1691 289 1753 maiusculis
319 1694 350 1750 et
373 1684 538 1749 ‘Antonii
559 1682 711 1749 Iuliani'
732 1733 765 1746 ..
793 1707 827 1747 ae
855 1708 924 1748 mox
952 1693 982 1748 et
1010 1683 1078 1748 ‘ex-

115 1793 372 1866 temporaneae
404 1780 641 1858 Quintiliani'
669 1787 901 1862 promittuntur,
929 1791 964 1846 ut
990 1788 1078 1846 facile

119 1890 271 1965 appareat,
295 1886 507 1946 subsecuturas
532 1885 624 1944 fuisse
647 1881 920 1958 extemporaneas&

182 1984 312 2047 Videtur
329 1984 379 2042 hic
396 1983 474 2042 liber
492 1982 585 2042 fuisse
604 1983 635 2039 in
652 1980 835 2040 bibliotheca
853 1980 1012 2040 cardinalis
1028 1980 1078 2040 Se-

116 2084 230 2160 nensis3
255 2081 435 2156 Campanus,
454 2084 489 2141 ut
506 2099 584 2141 anno
606 2081 691 2138 1468
711 2077 910 2138 institutionis
930 2079 1079 2138 oratoriae

117 2180 278 2240 editionem
300 2176 494 2254 vulgaverat,
516 2177 561 2235 ita
583 2176 711 2235 fortasse
734 2176 965 2236 declamationes
990 2176 1077 2237 edere

116 2278 179 2353 ipse
201 2277 234 2336 in
256 2275 355 2335 animo
377 2274 510 2334 babebat
529 2275 578 2334 vel
597 2273 665 2332 aliis
685 2274 793 2332 saltem
812 2293 938 2334 censura
957 2293 1019 2350 sua,
1042 2277 1077 2333 ut

118 2376 252 2450 ederent,
280 2364 526 2452 commendare*)
554 2372 659 2432 voluit.
703 2371 773 2432 Nou
800 2375 846 2431 est
873 2372 954 2431 facta
981 2372 1078 2448 proxi-

117 2473 181 2532 mis·
195 2472 282 2531 annis
303 2469 404 2546 editio,
427 2473 458 2529 et
481 2459 573 2529 codex
595 2468 709 2546 perisse
732 2469 860 2529 videtur.
898 2468 993 2529 Senae
1012 2470 1078 2527 nul·

117 2571 189 2646 lum,
208 2572 244 2628 ut
262 2567 402 2643 comperi,
421 2568 484 2628 eius
505 2567 676 2645 vestigium.
709 2565 768 2626 Sed
783 2586 819 2627 ex
833 2565 958 2626 Senensi
970 2567 1076 2628 biblio-

117 2669 206 2727 theca
227 2666 359 2743 plurima
380 2665 537 2724 literarum
559 2667 752 2724 monumenta
774 2657 1006 2746 („Urkunden“)
1029 2667 1078 2725 vel

117 2765 183 2841 ipsa
205 2765 255 2824 vel
276 2764 459 2838 transcripta
481 2764 641 2839 deportata
664 2780 729 2821 esse
752 2762 878 2820 Romam
901 2761 934 2820 in
956 2761 1077 2839 Chigia·

188 2898 214 2966 Ι*)
235 2897 270 2952 cf.
289 2913 362 2966 quae
378 2896 408 2951 in
422 2897 584 2952 laudatione
599 2896 661 2964 viri,
681 2895 864 2966 epistolarum
878 2894 1005 2964 editioni,
1023 2895 1078 2951 Ro·

118 2985 182 3025 mae
201 2973 272 3024 1495
291 2971 321 3023 et
338 2967 464 3023 Venetiis
484 2974 553 3024 1502
573 2968 632 3037 iol,
652 2967 763 3022 adiecta
777 2965 899 3021 Michael
913 2967 1018 3020 Femus
1037 2967 1079 3021 di-

119 3041 171 3096 cit:
190 3041 298 3110 „Nemo
317 3039 506 3094 litteratorum
525 3057 609 3095 ausus
628 3056 661 3094 eo
675 3040 802 3107 tempore
817 3037 967 3107 quicquam
980 3037 1079 3093 fuisset

119 3113 214 3180 edere,
239 3112 288 3180 qui
309 3110 387 3165 illius
410 3113 476 3166 ante
499 3111 634 3165 iudicium
658 3109 880 3177 sententiamque
905 3125 961 3163 non
982 3109 1078 3178 explo-

119 3186 213 3239 rasset.
251 3181 384 3253 Magnam
407 3183 432 3237 is
456 3182 548 3237 labori
571 3198 622 3236 suo
645 3180 765 3251 gloriam
788 3179 929 3235 addidisse
948 3180 1078 3250 ducebat,

119 3255 164 3310 cui
181 3253 265 3308 huius
284 3255 491 3308 commendatio
509 3252 679 3309 accessisset
708 3252 780 3306 Hinc
797 3268 880 3306 nemo
899 3252 929 3305 in
946 3254 1009 3305 tota
1026 3251 1077 3306 im·

119 3341 278 3396 pressorum
291 3325 427 3395 Hesperia
446 3341 480 3380 aa
493 3326 661 3394 tempestate
676 3341 747 3393 opus
760 3321 979 3392 imprimendum
993 3322 1078 3377 susci·

119 3413 185 3467 pere
202 3396 278 3451 velle
296 3394 452 3465 videbatur,
472 3396 517 3452 cui
530 3395 609 3452 illius
624 3393 878 3452 commendationis
891 3393 1016 3466 epistola.
1025 3411 1093 3450 nun

115 3468 329 3536 praeluxisset.“
496 3485 497 3490 ¹
