2386 3816
185 134 227 202 78
549 98 779 201 omnnium

183 302 287 367 iorem
305 304 432 384 partem
451 297 649 383 ignominiae
663 295 846 381 conficiunt,
863 293 898 361 id
915 293 1084 381 quodiam
1097 315 1153 359 me

185 389 366 476 premebat,
387 387 589 452 remiserant.

572 561 757 632 uuam.

447 669 562 738 Fraus
587 670 678 751 legis
701 667 888 737 Voconiae.

149 778 238 846 uNu
267 795 393 845 munau
416 795 564 844 anulum
586 794 656 844 rusr
679 792 1016 842 murmurandum
1039 791 1154 842 Bouo-

273 887 346 934 auu
380 885 484 933 unua.
535 866 673 945 Quidam
706 865 786 932 duas
818 865 969 931 mulieres
1002 863 1179 930 dimidiis

273 958 422 1043 partibus
430 956 582 1051 ,instituit
598 955 742 1022 heredes.
767 958 1000 1021 testamentum
1013 953 1153 1040 cognati

275 1050 425 1132 arguunt.

500 1130 836 1199 DECLAMA'PIO.

132 1261 164 1309 10
252 1243 438 1327 Antequam
460 1242 511 1306 ius
534 1241 663 1307 excutio
683 1245 716 1306 et
733 1240 801 1305 vim
818 1239 910 1324 legis,
933 1258 1017 1324 quae
1034 1259 1094 1323 per
1114 1258 1151 1304 se

78 1411 82 1420 x
185 1332 265 1397 satis
284 1331 458 1396 manifesta
477 1333 537 1414 est,
559 1330 697 1414 intueor,
717 1328 861 1414 primum
882 1328 963 1393 illud
983 1326 1070 1412 apud
1088 1348 1150 1394 vos

184 1419 303 1485 dixisse
322 1422 494 1485 contentus
514 1439 598 1484 sum:
623 1417 737 1484 adsum
755 1420 962 1483 testamento.
997 1419 1152 1483 eventum

183 1507 259 1574 huia
290 1509 356 1593 legi
389 1507 480 1572 dabit
511 1508 628 1593 religio
659 1513 782 1593 restra,
821 1510 855 1571 et
887 1526 1022 1573 excussa
1054 1508 1152 1591 parto

183 1596 321 1683 utraque
353 1597 551 1663 sententiam
579 1596 820 1680 formabit<is>.
865 1594 1008 1661 Interest
1036 1599 1151 1660 tamen

131 1702 164 1751 15
184 1707 353 1771 supremae
374 1686 517 1752 hominis
540 1686 701 1752 voluntati
724 1687 830 1772 legem
853 1685 979 1769 fuvere,
1002 1687 1039 1749 ut
1061 1684 1151 1775 quod

184 1775 223 1841 de
247 1776 341 1842 bonis
365 1774 432 1841 suis
456 1775 627 1841 constituit
649 1776 682 1840 in
703 1773 862 1859 supremis
882 1774 1041 1859 dominus,
1065 1773 1150 1840 faee-

182 1865 228 1930 rit
249 1865 328 1930 iure.
372 1862 442 1929 Neo
465 1886 517 1930 me
541 1863 725 1948 confundit,
748 1862 834 1948 quod
859 1885 898 1928 ex
921 1863 1052 1929 diverso
1072 1866 1150 1930 sunt

182 1954 367 2040 propinqui.
412 1955 547 2037 iactent,
575 1958 612 2019 ut
638 1953 961 2040 volent,'sanguinis
994 1952 1148 2020 noniano·

182 2043 320 2108 tionem:
338 2063 400 2127 ego
415 2043 571 2128 intellego
590 2041 747 2127 quasdam
760 2043 861 2108 fuisse
876 2063 1000 2127 causas,
1012 2046 1150 2127 propter

130 2146 164 2196 ²⁰
182 2130 1148 2305 {tutudisti“tittptttbtdtttttdm'

357 2271 364 2286 ·
872 2288 876 2296 ·
1138 2271 1148 2306 r

183 2312 355 2394 arguerent
390 2312 624 2375 testamentum
660 2312 827 2396 tamquam
868 2310 1025 2395 impium,
1062 2314 1147 2376 tam·

183 2420 281 2482 quam
309 2397 538 2464 inofficiosum.
583 2419 671 2464 nuno
699 2403 848 2485 apparet,
879 2420 983 2483 neque
1011 2398 1051 2464 da
1074 2418 1147 2484 per

183 2488 270 2553 sonis
303 2509 426 2572 aarum,
463 2509 545 2572 quae
579 2487 712 2554 heredes
745 2492 821 2554 sunt
854 2488 1040 2573 institutae,
1081 2488 1148 2555 diei

129 2591 162 2640 25
183 2577 267 2660 apud
286 2598 343 2641 vos
361 2598 469 2662 posse,
489 2598 595 2662 neque
613 2599 734 2663 eorum,
757 2578 812 2663 qui
836 2577 899 2643 sibi
916 2580 1031 2643 eontra
1043 2582 1147 2644 testa

181 2667 326 2729 mentum
349 2665 524 2750 vindicant,
547 2666 664 2732 merita
681 2666 828 2752 proferri.
852 2665 966 2733 Solum
984 2667 1072 2733 enim
1093 2667 1146 2734 ius

181 2752 346 2839 excipiunt
379 2760 412 2821 et
440 2755 526 2821 oiroa
552 2756 659 2842 legam
686 2756 941 2822 calumniantur:
983 2778 1065 2841 quae
1092 2756 1146 2823 lex

179 2846 290 2908 tamen
309 2844 413 2928 qualis
437 2844 511 2910 est?
538 2865 584 2909 ne
606 2845 727 2911 lioeat
749 2845 904 2911 mulieri
923 2846 1145 2931 plusquam

180 2930 378 2996 dimidiam
415 2936 565 3017 partem
604 2933 790 3001 bonorum
828 2956 985 3000 suorum
1021 2935 1144 3000 relin-

126 3036 160 3085 30
180 3041 303 3104 quere.
349 3021 480 3086 etiamsi
506 3022 613 3089 forma
642 3022 752 3089 iudicii
780 3024 874 3089 unius
909 3027 972 3109 est,
1005 3029 1145 3111 apparet

251 3148 285 3197 14
308 3143 476 3199 sententiam
502 3144 636 3200 formavit
659 3149 694 3214 Δ,
728 3137 867 3200 sententia
889 3145 1090 3201 formidabitur
1110 3150 1143 3218 B,

179 3229 248 3269 oorr.
268 3213 328 3284 Ro,
347 3215 488 3270 sententia
505 3215 674 3272 formabitur
691 3216 758 3272 aaa
780 3219 790 3288 ty
813 3222 846 3272 15
864 3217 970 3288 legen
1002 3219 1012 3287 η
1044 3216 1144 3275 fovere

81 3313 83 3318 .
177 3289 241 3338 Bb?
254 3286 264 3354 fl
279 3292 311 3339 17
330 3286 390 3341 inre
409 3301 458 3342 om.
478 3287 571 3356 Bflto
589 3287 632 3343 hia
651 3291 698 3359 An
711 3288 759 3358 qui
779 3289 831 3344 hos
848 3304 898 3344 ora.
917 3293 938 3341 B
961 3291 971 3360 ΙΙ
983 3290 1143 3345 mereretur

177 3359 269 3426 31122
288 3360 449 3428 arguerunt,
468 3373 537 3414 oorr.
558 3358 597 3414 Pi
611 3362 668 3431 1124
687 3360 734 3416 diu
753 3364 794 3414 Aa
816 3362 826 3430 11
852 3361 907 3418 dioi
927 3363 1046 3431 possunt
1063 3362 1142 3437 apud

178 3429 577 3500 vosipsenequeltflssssneo
592 3432 649 3487 Η
