2386 3816
175 167 241 232 322
541 165 768 234 QUINTILIANI

265 329 478 415 saiisfaeerei,
499 330 687 395 tabularum
709 351 867 394 novarum
885 329 958 413 lege
976 329 1047 394 lata
1065 350 1141 412 par·

264 422 330 483 iem
354 419 426 503 agri
448 419 540 504 petit.
575 419 633 484 ille
656 416 690 483 G.
713 416 754 483 D.

490 611 821 679 DEOLAMATIO.

242 739 341 824 Ager,
368 761 463 824 quem
487 735 692 803 communem
713 738 808 802 nobis
833 759 902 802 esse
926 736 1008 821 dieo,
1031 739 1140 821 patris

139 847 155 896 5
174 830 279 894 nostri
301 828 374 893 fuir.
418 827 447 891 is
471 827 551 891 duos
574 826 695 893 liberos
719 826 866 911 reliquit,
895 847 1034 912 aequum
1057 828 1139 891 utri-

175 939 236 1002 que
260 917 320 1000 ius,
343 915 455 982 eedem
478 916 607 999 utrique
630 937 729 981 onere
750 915 834 980 aeris
854 914 961 999 alieni,
984 914 1066 980 mihi
1087 914 1141 1002 (ut

172 1028 259 1071 nuno
282 1003 347 1091 esi)
369 1004 462 1070 nihil.

242 1091 554 1180 ‚,Oessisti‚.inquit‚
576 1091 688 1157 mihi.“
735 1090 769 1157 Si
791 1091 854 1157 hoo
878 1092 947 1157 sine
970 1092 1038 1157 ulle
1062 1115 1137 1158 eon-

172 1185 323 1249 ventione
350 1183 513 1266 fecissem,
540 1181 570 1246 si
595 1182 686 1246 nulla
716 1182 838 1265 opponi
865 1181 941 1245 huie
963 1184 1041 1246 tuse
1064 1183 1139 1246 vooi

122 1292 153 1341 10
172 1275 285 1355 possei
313 1273 472 1355 exceptio,
504 1271 657 1335 dicerem:
688 1270 968 1353 eiroumsoripsisti
990 1269 1140 1354 fratrem,

171 1382 232 1425 neo
255 1359 384 1425 difficile
407 1359 480 1438 fuit,
502 1360 670 1424 minorem.
712 1359 797 1445 quod
822 1360 849 1423 si
872 1357 962 1423 nulle
986 1359 1018 1421 vi
1042 1380 1138 1423 eoae·

171 1452 233 1531 tus,
255 1448 355 1512 nullis
378 1447 505 1512 insidiis
529 1446 576 1532 id,
599 1447 684 1532 quod
708 1449 812 1513 solum
831 1447 926 1512 nobis
945 1449 1040 1530 pater
1061 1448 1138 1513 reli·

172 1539 294 1621 querat,
317 1535 380 1601 ribi
403 1537 460 1601 uni
483 1537 640 1620 concessi,
663 1535 760 1601 debes
783 1536 903 1601 referre
927 1536 1035 1600 animo
1061 1556 1137 1620 gra-

170 1626 259 1689 iium.
315 1623 387 1689 Hoe
421 1625 516 1690 fratri
551 1624 633 1689 bene
670 1624 842 1711 diceretur3
881 1625 936 1689 sed
973 1627 1138 1709 quatenus

119 1731 152 1781 15
171 1714 261 1779 exuis
284 1735 403 1779 nomen
425 1713 514 1778 isrud
538 1717 571 1778 et
593 1735 653 1779 uos
678 1714 719 1778 ed
741 1715 791 1779 ius
811 1714 917 1780 solum
935 1713 1138 1780 vooasrsub

172 1803 358 1869 condicione
388 1803 484 1868 cessi:
513 1803 560 1867 sio
592 1803 680 1868 enim
707 1806 874 1887 tamquam
898 1802 997 1868 alieni
1020 1803 1137 1889 loqua-

170 1914 251 1958 mur.
298 1891 378 1957 steri
404 1912 482 1957 voce
512 1897 566 1957 tue
589 1892 633 1956 sir
657 1914 796 1977 aequum
819 1893 1033 1958 conventione
1057 1915 1138 1976 pao-

169 1984 287 2047 iorum.
324 1982 410 2067 quod
434 1980 529 2066 quale
551 1979 638 2045 fuir?
661 1984 698 2045 ut
721 2001 835 2065 agrum
858 1981 1049 2066 possideres,
1078 1984 1138 2065 ita,

170 2066 220 2153 (ut
244 2068 375 2154 opinor)
399 2073 436 2134 ui
459 2091 514 2133 ees
538 2069 694 2152 alienum,
723 2070 809 2154 quod
832 2072 936 2156 putris
961 2070 1036 2151 [rui]
1062 2069 1138 2155 fuit,

116 2158 323 2224 resolveres.
366 2157 493 2222 nullam
518 2157 620 2243 igitur
641 2157 738 2223 huius
763 2160 835 2244 egri
857 2158 1004 2223 habuisti
1028 2159 1137 2224 adhue

169 2246 336 2329 propriam
358 2246 611 2329 possessionem,
635 2247 711 2331 quie
734 2269 953 2332 quaecumque
977 2246 1038 2311 sub
1059 2269 1137 2312 oon·

170 2334 297 2401 dicione
320 2335 501 2418 traduntur,
523 2335 572 2400 ita
595 2335 724 2401 demum
747 2336 817 2401 fieri
839 2339 978 2420 possunt
1000 2337 1137 2420 propria

169 2445 207 2489 ee
239 2425 430 2509 peculiaria,
464 2424 493 2488 si
525 2423 671 2490 condicio
704 2428 928 2490 consummate
961 2428 1019 2489 esi.
1070 2425 1137 2490 fuit

167 2512 271 2597 igitur
304 2535 407 2597 usque
441 2513 482 2577 ad
518 2513 647 2578 tabulas
683 2534 784 2578 noves
822 2512 1001 2579 eommunis
1037 2515 1136 2580 nobis

117 2618 150 2668 25
171 2622 257 2686 ager.
282 2604 315 2666 et
337 2607 375 2667 ut
397 2602 524 2667 feeilius
549 2606 714 2686 appareat,
736 2602 898 2687 fingamus
922 2606 955 2666 te
980 2624 1034 2666 aes
1057 2604 1135 2670 alie·

171 2712 250 2754 num
272 2691 416 2756 noluisse
441 2691 577 2773 solvere,
608 2690 712 2775 egisse
735 2693 823 2775 pacti
846 2690 942 2756 huius
965 2692 1135 2773 paeniten-

166 2780 261 2842 tiam:
284 2801 364 2843 num
386 2779 521 2844 dubium
545 2782 607 2863 est,
636 2779 715 2864 quin
742 2801 803 2865 ego
826 2784 981 2845 venturus
1006 2781 1134 2864 optimo

166 2865 235 2930 iure
264 2867 299 2930 in
325 2868 409 2933 hano
435 2867 553 2933 fuerim
575 2869 837 2952 possessionem?
864 2891 931 2935 non
954 2869 1135 2954 quaeritur,

166 2957 204 3019 ut
228 2955 352 3038 opinor.
387 2978 463 3022 num
489 2957 618 3022 etiamsi
646 2957 709 3023 hoe
733 2957 819 3024 inter
843 2980 902 3024 nos
927 2963 1134 3043 convenerat,

238 3172 254 3222 2
273 3167 322 3221 ille
341 3166 369 3221 C.
385 3165 417 3223 D.
437 3184 488 3223 om.
507 3169 581 3237 1113
608 3167 843 3223 deelomue⁷o
862 3169 908 3236 ΔΙΙ
926 3173 942 3222 8
962 3168 1131 3225 condicione

165 3239 232 3293 Rau
250 3245 275 3294 et
292 3238 350 3305 Ro,
374 3238 422 3304 cfe.
441 3256 467 3295 o.
483 3243 519 3293 16
524 3258 534 3304 ;
552 3243 666 3295 21—22
689 3240 698 3308 Η
723 3245 755 3293 12
774 3239 804 3293 id
823 3241 918 3294 delerit
936 3243 975 3292 Ab
994 3241 1004 3310 [Ι
1026 3245 1133 3294 13-14

163 3327 204 3378 gr.
224 3313 256 3364 ut
274 3310 307 3367 fr.
322 3314 361 3363 Ab
376 3309 385 3378 li
400 3316 432 3365 17
452 3311 534 3379 voce]
553 3310 613 3364 iure
632 3313 675 3380 Pu
688 3326 752 3364 mee
770 3313 829 3376 ΑΒ,
848 3327 917 3367 eorr.
931 3310 976 3365 Ro
995 3313 1044 3378 ess.
1060 3329 1085 3366 v.
1096 3311 1131 3384 9,ss

156 3380 309 3438 sitacium
330 3397 389 3439 eon.
409 3381 453 3452 ΒΗ
468 3387 500 3436 19
522 3381 588 3456 [ὺυί]
606 3380 661 3436 Obr
674 3382 731 3450 μδ
752 3398 785 3437 ae
803 3397 854 3438 om.
872 3385 914 3434 Ae
926 3382 936 3450 i
949 3398 1044 3452 peeu
1055 3381 1130 3438 lie·

146 3454 182 3509 ri
187 3472 207 3511 u
226 3454 462 3529 Auenieuluris
479 3459 501 3510 B
