<?xml version="1.0" encoding="UTF-8"?>
<!DOCTYPE html PUBLIC "-//W3C//DTD XHTML 1.0 Transitional//EN"
    "http://www.w3.org/TR/xhtml1/DTD/xhtml1-transitional.dtd">
<html xmlns="http://www.w3.org/1999/xhtml" xml:lang="en" lang="en">
 <head>
  <title>
</title>
<meta http-equiv="Content-Type" content="text/html;charset=utf-8" />
  <meta name='ocr-system' content='tesseract 3.04.00' />
  <meta name='ocr-capabilities' content='ocr_page ocr_carea ocr_par ocr_line ocrx_word'/>
</head>
<body>
  <div class='ocr_page' id='page_1' title='image "./mfabiiquintilia01rittgoog_0340.png"; bbox 0 0 2386 3816; ppageno 0'>
   <div class='ocr_carea' id='block_1_1' title="bbox 288 169 1021 236">
    <p class='ocr_par' dir='ltr' id='par_1_1' title="bbox 288 169 1021 236">
     <span class='ocr_line' id='line_1_1' title="bbox 288 169 1021 236; baseline 0.019 -14"><span class='ocrx_word' id='word_1_1' title='bbox 288 169 606 227; x_wconf 78' lang='lat' dir='ltr'><strong>DEOLAMATIONES.</strong></span> <span class='ocrx_word' id='word_1_2' title='bbox 625 169 793 226; x_wconf 80' lang='lat' dir='ltr'>CCCXXXI.</span> <span class='ocrx_word' id='word_1_3' title='bbox 955 170 1021 236; x_wconf 83' lang='lat'>305</span> 
     </span>
    </p>
   </div>
   <div class='ocr_carea' id='block_1_2' title="bbox 54 328 1076 2707">
    <p class='ocr_par' dir='ltr' id='par_1_2' title="bbox 54 328 1074 1483">
     <span class='ocr_line' id='line_1_2' title="bbox 54 328 1018 419; baseline 0 -20"><span class='ocrx_word' id='word_1_4' title='bbox 54 335 163 399; x_wconf 90' lang='lat' dir='ltr'>culum</span> <span class='ocrx_word' id='word_1_5' title='bbox 186 330 273 416; x_wconf 87' lang='lat' dir='ltr'>par.“</span> <span class='ocrx_word' id='word_1_6' title='bbox 321 328 394 398; x_wconf 91' lang='lat' dir='ltr'>Hoc</span> <span class='ocrx_word' id='word_1_7' title='bbox 422 333 449 397; x_wconf 90' lang='lat' dir='ltr'>si</span> <span class='ocrx_word' id='word_1_8' title='bbox 477 334 516 397; x_wconf 90' lang='lat' dir='ltr'>fit</span> <span class='ocrx_word' id='word_1_9' title='bbox 542 333 668 398; x_wconf 83' lang='lat' dir='ltr'>actione</span> <span class='ocrx_word' id='word_1_10' title='bbox 702 335 907 419; x_wconf 88' lang='lat' dir='ltr'>iniuriarum,</span> <span class='ocrx_word' id='word_1_11' title='bbox 942 357 1018 400; x_wconf 88' lang='lat' dir='ltr'>sane</span> 
     </span>
     <span class='ocr_line' id='line_1_3' title="bbox 56 421 1019 510; baseline 0.001 -22"><span class='ocrx_word' id='word_1_12' title='bbox 56 424 199 508; x_wconf 85' lang='lat' dir='ltr'>aliquam</span> <span class='ocrx_word' id='word_1_13' title='bbox 228 421 476 488; x_wconf 86' lang='lat' dir='ltr'>similitudinem</span> <span class='ocrx_word' id='word_1_14' title='bbox 503 422 624 487; x_wconf 91' lang='lat' dir='ltr'>habere</span> <span class='ocrx_word' id='word_1_15' title='bbox 647 422 807 488; x_wconf 84' lang='lat' dir='ltr'>videatur.</span> <span class='ocrx_word' id='word_1_16' title='bbox 852 424 1019 510; x_wconf 82' lang='lat' dir='ltr'>interrogo</span> 
     </span>
     <span class='ocr_line' id='line_1_4' title="bbox 55 511 1020 598; baseline 0.001 -22"><span class='ocrx_word' id='word_1_17' title='bbox 55 512 142 576; x_wconf 91' lang='lat' dir='ltr'>enim</span> <span class='ocrx_word' id='word_1_18' title='bbox 164 515 211 595; x_wconf 90' lang='lat' dir='ltr'>te,</span> <span class='ocrx_word' id='word_1_19' title='bbox 238 533 280 575; x_wconf 89' lang='lat' dir='ltr'>an</span> <span class='ocrx_word' id='word_1_20' title='bbox 304 511 332 575; x_wconf 89' lang='lat' dir='ltr'>si</span> <span class='ocrx_word' id='word_1_21' title='bbox 356 532 431 596; x_wconf 85' lang='lat' dir='ltr'>ego,</span> <span class='ocrx_word' id='word_1_22' title='bbox 457 511 513 596; x_wconf 93' lang='lat' dir='ltr'>qui</span> <span class='ocrx_word' id='word_1_23' title='bbox 535 515 644 576; x_wconf 91' lang='lat' dir='ltr'>tecum</span> <span class='ocrx_word' id='word_1_24' title='bbox 667 511 859 577; x_wconf 88' lang='lat' dir='ltr'>iniuriarum</span> <span class='ocrx_word' id='word_1_25' title='bbox 884 513 949 598; x_wconf 83' lang='lat' dir='ltr'>egi,</span> <span class='ocrx_word' id='word_1_26' title='bbox 973 534 1020 578; x_wconf 93' lang='lat' dir='ltr'>se-</span> 
     </span>
     <span class='ocr_line' id='line_1_5' title="bbox 55 599 1020 685; baseline 0.002 -21"><span class='ocrx_word' id='word_1_27' title='bbox 55 600 120 664; x_wconf 90' lang='lat' dir='ltr'>mel</span> <span class='ocrx_word' id='word_1_28' title='bbox 145 599 338 665; x_wconf 89' lang='lat' dir='ltr'>obiecissem</span> <span class='ocrx_word' id='word_1_29' title='bbox 360 599 423 664; x_wconf 93' lang='lat' dir='ltr'>tibi</span> <span class='ocrx_word' id='word_1_30' title='bbox 445 599 508 665; x_wconf 92' lang='lat' dir='ltr'>hoc</span> <span class='ocrx_word' id='word_1_31' title='bbox 530 599 617 665; x_wconf 88' lang='lat' dir='ltr'>idem</span> <span class='ocrx_word' id='word_1_32' title='bbox 641 601 776 685; x_wconf 85' lang='lat' dir='ltr'><strong>crimen,</strong></span> <span class='ocrx_word' id='word_1_33' title='bbox 804 604 838 665; x_wconf 92' lang='lat' dir='ltr'>et</span> <span class='ocrx_word' id='word_1_34' title='bbox 864 604 901 665; x_wconf 90' lang='lat' dir='ltr'>tu</span> <span class='ocrx_word' id='word_1_35' title='bbox 924 604 1020 666; x_wconf 88' lang='lat' dir='ltr'>antea</span> 
     </span>
     <span class='ocr_line' id='line_1_6' title="bbox 55 688 1054 774; baseline 0.002 -21"><span class='ocrx_word' id='word_1_36' title='bbox 55 689 228 753; x_wconf 88' lang='lat' dir='ltr'>damnatus</span> <span class='ocrx_word' id='word_1_37' title='bbox 259 709 326 753; x_wconf 92' lang='lat' dir='ltr'>non</span> <span class='ocrx_word' id='word_1_38' title='bbox 356 709 457 772; x_wconf 89' lang='lat' dir='ltr'>esses,</span> <span class='ocrx_word' id='word_1_39' title='bbox 488 711 566 753; x_wconf 91' lang='lat' dir='ltr'>num</span> <span class='ocrx_word' id='word_1_40' title='bbox 594 688 700 774; x_wconf 89' lang='lat' dir='ltr'>capite</span> <span class='ocrx_word' id='word_1_41' title='bbox 727 689 829 755; x_wconf 88' lang='lat' dir='ltr'>fueris</span> <span class='ocrx_word' id='word_1_42' title='bbox 857 689 1054 772; x_wconf 77' lang='lat' dir='ltr'>periclitas</span> 
     </span>
     <span class='ocr_line' id='line_1_7' title="bbox 55 776 1020 865; baseline 0 -23"><span class='ocrx_word' id='word_1_43' title='bbox 55 778 171 842; x_wconf 82' lang='lat' dir='ltr'>turus?</span> <span class='ocrx_word' id='word_1_44' title='bbox 212 799 287 862; x_wconf 94' lang='lat' dir='ltr'>non,</span> <span class='ocrx_word' id='word_1_45' title='bbox 309 779 346 841; x_wconf 90' lang='lat' dir='ltr'>ut</span> <span class='ocrx_word' id='word_1_46' title='bbox 369 776 494 860; x_wconf 90' lang='lat' dir='ltr'><strong>opinor.</strong></span> <span class='ocrx_word' id='word_1_47' title='bbox 538 797 601 843; x_wconf 80' lang='lat' dir='ltr'>non</span> <span class='ocrx_word' id='word_1_48' title='bbox 628 799 706 865; x_wconf 81' lang='lat' dir='ltr'>ergo</span> <span class='ocrx_word' id='word_1_49' title='bbox 734 798 795 862; x_wconf 84' lang='lat' dir='ltr'>ego</span> <span class='ocrx_word' id='word_1_50' title='bbox 817 776 896 861; x_wconf 90' lang='lat' dir='ltr'>feci,</span> <span class='ocrx_word' id='word_1_51' title='bbox 923 781 960 842; x_wconf 89' lang='lat' dir='ltr'>ut</span> <span class='ocrx_word' id='word_1_52' title='bbox 982 780 1020 842; x_wconf 88' lang='lat' dir='ltr'>tu</span> 
     </span>
     <span class='ocr_line' id='line_1_8' title="bbox 55 864 1020 951; baseline -0.001 -20"><span class='ocrx_word' id='word_1_53' title='bbox 55 865 162 951; x_wconf 86' lang='lat' dir='ltr'>capite</span> <span class='ocrx_word' id='word_1_54' title='bbox 185 865 433 950; x_wconf 79' lang='lat' dir='ltr'>periclitareris,</span> <span class='ocrx_word' id='word_1_55' title='bbox 457 865 514 930; x_wconf 86' lang='lat' dir='ltr'>sed</span> <span class='ocrx_word' id='word_1_56' title='bbox 535 864 597 950; x_wconf 92' lang='lat' dir='ltr'>illi,</span> <span class='ocrx_word' id='word_1_57' title='bbox 623 867 679 951; x_wconf 91' lang='lat' dir='ltr'>qui</span> <span class='ocrx_word' id='word_1_58' title='bbox 701 869 734 932; x_wconf 90' lang='lat' dir='ltr'>te</span> <span class='ocrx_word' id='word_1_59' title='bbox 758 869 833 931; x_wconf 89' lang='lat' dir='ltr'>ante</span> <span class='ocrx_word' id='word_1_60' title='bbox 855 864 907 931; x_wconf 86' lang='lat' dir='ltr'>bis</span> <span class='ocrx_word' id='word_1_61' title='bbox 932 866 1020 931; x_wconf 90' lang='lat' dir='ltr'>dam·</span> 
     </span>
     <span class='ocr_line' id='line_1_9' title="bbox 55 953 1020 1040; baseline -0.001 -21"><span class='ocrx_word' id='word_1_62' title='bbox 55 957 223 1020; x_wconf 83' lang='lat' dir='ltr'>naverunt.</span> <span class='ocrx_word' id='word_1_63' title='bbox 269 975 372 1040; x_wconf 90' lang='lat' dir='ltr'>neque</span> <span class='ocrx_word' id='word_1_64' title='bbox 401 953 487 1018; x_wconf 89' lang='lat' dir='ltr'>enim</span> <span class='ocrx_word' id='word_1_65' title='bbox 516 957 716 1020; x_wconf 88' lang='lat' dir='ltr'>senectutem</span> <span class='ocrx_word' id='word_1_66' title='bbox 748 955 853 1020; x_wconf 87' lang='lat' dir='ltr'>adfert</span> <span class='ocrx_word' id='word_1_67' title='bbox 876 977 1020 1020; x_wconf 90' lang='lat' dir='ltr'>summus</span> 
     </span>
     <span class='ocr_line' id='line_1_10' title="bbox 56 1040 1021 1128; baseline 0 -21"><span class='ocrx_word' id='word_1_68' title='bbox 56 1042 140 1127; x_wconf 88' lang='lat' dir='ltr'>dies,</span> <span class='ocrx_word' id='word_1_69' title='bbox 172 1043 228 1108; x_wconf 87' lang='lat' dir='ltr'>sed</span> <span class='ocrx_word' id='word_1_70' title='bbox 257 1040 376 1128; x_wconf 84' lang='lat' dir='ltr'>longus</span> <span class='ocrx_word' id='word_1_71' title='bbox 404 1041 483 1109; x_wconf 88' lang='lat' dir='ltr'>ordo</span> <span class='ocrx_word' id='word_1_72' title='bbox 510 1042 612 1128; x_wconf 74' lang='lat' dir='ltr'>vitae,</span> <span class='ocrx_word' id='word_1_73' title='bbox 638 1066 698 1108; x_wconf 91' lang='lat' dir='ltr'>nec</span> <span class='ocrx_word' id='word_1_74' title='bbox 722 1044 912 1109; x_wconf 89' lang='lat' dir='ltr'>ebrietatem</span> <span class='ocrx_word' id='word_1_75' title='bbox 940 1042 1021 1108; x_wconf 89' lang='lat' dir='ltr'>facit</span> 
     </span>
     <span class='ocr_line' id='line_1_11' title="bbox 55 1131 1074 1217; baseline 0.002 -21"><span class='ocrx_word' id='word_1_76' title='bbox 55 1132 114 1196; x_wconf 87' lang='lat' dir='ltr'>illa</span> <span class='ocrx_word' id='word_1_77' title='bbox 141 1131 247 1217; x_wconf 90' lang='lat' dir='ltr'>potio,</span> <span class='ocrx_word' id='word_1_78' title='bbox 274 1136 351 1215; x_wconf 86' lang='lat' dir='ltr'>post</span> <span class='ocrx_word' id='word_1_79' title='bbox 379 1153 478 1216; x_wconf 89' lang='lat' dir='ltr'>quam</span> <span class='ocrx_word' id='word_1_80' title='bbox 506 1131 738 1198; x_wconf 88' lang='lat' dir='ltr'>concidendum</span> <span class='ocrx_word' id='word_1_81' title='bbox 762 1134 825 1216; x_wconf 84' lang='lat' dir='ltr'>est,</span> <span class='ocrx_word' id='word_1_82' title='bbox 854 1133 909 1197; x_wconf 90' lang='lat' dir='ltr'>sed</span> <span class='ocrx_word' id='word_1_83' title='bbox 939 1137 1074 1198; x_wconf 86' lang='lat' dir='ltr'>tem-10</span> 
     </span>
     <span class='ocr_line' id='line_1_12' title="bbox 56 1219 1019 1308; baseline 0.001 -24"><span class='ocrx_word' id='word_1_84' title='bbox 56 1220 220 1304; x_wconf 82' lang='lat' dir='ltr'>pestivum</span> <span class='ocrx_word' id='word_1_85' title='bbox 253 1221 436 1285; x_wconf 83' lang='lat' dir='ltr'>convivium</span> <span class='ocrx_word' id='word_1_86' title='bbox 469 1225 502 1285; x_wconf 87' lang='lat' dir='ltr'>et</span> <span class='ocrx_word' id='word_1_87' title='bbox 529 1219 668 1286; x_wconf 83' lang='lat' dir='ltr'>aviditas</span> <span class='ocrx_word' id='word_1_88' title='bbox 698 1221 808 1286; x_wconf 90' lang='lat' dir='ltr'>nimia.</span> <span class='ocrx_word' id='word_1_89' title='bbox 852 1243 920 1286; x_wconf 90' lang='lat' dir='ltr'>non</span> <span class='ocrx_word' id='word_1_90' title='bbox 942 1241 1019 1308; x_wconf 79' lang='lat' dir='ltr'>ergo</span> 
     </span>
     <span class='ocr_line' id='line_1_13' title="bbox 57 1308 1020 1395; baseline 0 -22"><span class='ocrx_word' id='word_1_91' title='bbox 57 1331 129 1374; x_wconf 88' lang='lat' dir='ltr'>mea</span> <span class='ocrx_word' id='word_1_92' title='bbox 149 1310 275 1375; x_wconf 89' lang='lat' dir='ltr'>actione</span> <span class='ocrx_word' id='word_1_93' title='bbox 300 1308 450 1375; x_wconf 85' lang='lat' dir='ltr'>effectum</span> <span class='ocrx_word' id='word_1_94' title='bbox 474 1312 533 1394; x_wconf 86' lang='lat' dir='ltr'>est,</span> <span class='ocrx_word' id='word_1_95' title='bbox 554 1312 592 1374; x_wconf 87' lang='lat' dir='ltr'>nt</span> <span class='ocrx_word' id='word_1_96' title='bbox 614 1308 856 1395; x_wconf 71' lang='lat' dir='ltr'>periclitareris,</span> <span class='ocrx_word' id='word_1_97' title='bbox 879 1309 935 1375; x_wconf 89' lang='lat' dir='ltr'>sed</span> <span class='ocrx_word' id='word_1_98' title='bbox 954 1308 1020 1374; x_wconf 85' lang='lat' dir='ltr'>fllia</span> 
     </span>
     <span class='ocr_line' id='line_1_14' title="bbox 58 1397 857 1483; baseline 0.004 -19"><span class='ocrx_word' id='word_1_99' title='bbox 58 1397 251 1479; x_wconf 77' lang='lat' dir='ltr'>actionibus,</span> <span class='ocrx_word' id='word_1_100' title='bbox 274 1398 391 1483; x_wconf 87' lang='lat' dir='ltr'>quibus</span> <span class='ocrx_word' id='word_1_101' title='bbox 416 1397 482 1464; x_wconf 92' lang='lat' dir='ltr'>iam</span> <span class='ocrx_word' id='word_1_102' title='bbox 507 1398 679 1465; x_wconf 88' lang='lat' dir='ltr'>damnatus</span> <span class='ocrx_word' id='word_1_103' title='bbox 703 1421 746 1464; x_wconf 89' lang='lat' dir='ltr'>es.</span> <span class='ocrx_word' id='word_1_104' title='bbox 856 1458 857 1467; x_wconf 73' lang='grc'>,</span> 
     </span>
    </p>

    <p class='ocr_par' dir='ltr' id='par_1_3' title="bbox 57 1485 1076 2707">
     <span class='ocr_line' id='line_1_15' title="bbox 125 1485 1021 1574; baseline 0 -22"><span class='ocrx_word' id='word_1_105' title='bbox 125 1485 208 1572; x_wconf 86' lang='lat' dir='ltr'>„Sed</span> <span class='ocrx_word' id='word_1_106' title='bbox 232 1486 401 1553; x_wconf 85' lang='lat' dir='ltr'>absolutus</span> <span class='ocrx_word' id='word_1_107' title='bbox 426 1510 507 1572; x_wconf 87' lang='lat' dir='ltr'>sum,</span> <span class='ocrx_word' id='word_1_108' title='bbox 529 1487 645 1574; x_wconf 91' lang='lat' dir='ltr'>inquit,</span> <span class='ocrx_word' id='word_1_109' title='bbox 667 1487 795 1554; x_wconf 88' lang='lat' dir='ltr'>tertio.“</span> <span class='ocrx_word' id='word_1_110' title='bbox 825 1486 1021 1573; x_wconf 84' lang='lat' dir='ltr'>Viderimus,</span> 
     </span>
     <span class='ocr_line' id='line_1_16' title="bbox 58 1575 1074 1662; baseline 0 -21"><span class='ocrx_word' id='word_1_111' title='bbox 58 1579 215 1662; x_wconf 87' lang='lat' dir='ltr'>quantum</span> <span class='ocrx_word' id='word_1_112' title='bbox 237 1576 300 1641; x_wconf 93' lang='lat' dir='ltr'>hoc</span> <span class='ocrx_word' id='word_1_113' title='bbox 329 1581 368 1641; x_wconf 88' lang='lat' dir='ltr'>ad</span> <span class='ocrx_word' id='word_1_114' title='bbox 397 1575 535 1661; x_wconf 84' lang='lat' dir='ltr'>gloriam</span> <span class='ocrx_word' id='word_1_115' title='bbox 558 1580 651 1642; x_wconf 90' lang='lat' dir='ltr'>tuam</span> <span class='ocrx_word' id='word_1_116' title='bbox 673 1577 847 1662; x_wconf 73' lang='lat' dir='ltr'>pertineat:</span> <span class='ocrx_word' id='word_1_117' title='bbox 881 1577 1022 1661; x_wconf 82' lang='lat' dir='ltr'>interim,</span> <span class='ocrx_word' id='word_1_118' title='bbox 1042 1592 1074 1641; x_wconf 79' lang='lat'>15</span> 
     </span>
     <span class='ocr_line' id='line_1_17' title="bbox 59 1665 1022 1751; baseline 0 -21"><span class='ocrx_word' id='word_1_119' title='bbox 59 1665 230 1731; x_wconf 86' lang='lat' dir='ltr'>damnatus</span> <span class='ocrx_word' id='word_1_120' title='bbox 255 1687 288 1730; x_wconf 90' lang='lat' dir='ltr'>es</span> <span class='ocrx_word' id='word_1_121' title='bbox 313 1665 452 1750; x_wconf 87' lang='lat' dir='ltr'>saepius.</span> <span class='ocrx_word' id='word_1_122' title='bbox 480 1665 602 1731; x_wconf 89' lang='lat' dir='ltr'>etenim</span> <span class='ocrx_word' id='word_1_123' title='bbox 627 1666 666 1731; x_wconf 90' lang='lat' dir='ltr'>de</span> <span class='ocrx_word' id='word_1_124' title='bbox 685 1666 866 1751; x_wconf 89' lang='lat' dir='ltr'>petulantia</span> <span class='ocrx_word' id='word_1_125' title='bbox 884 1669 942 1730; x_wconf 87' lang='lat' dir='ltr'>tua</span> <span class='ocrx_word' id='word_1_126' title='bbox 959 1665 1022 1730; x_wconf 87' lang='lat' dir='ltr'>hoc</span> 
     </span>
     <span class='ocr_line' id='line_1_18' title="bbox 57 1752 1021 1838; baseline 0 -21"><span class='ocrx_word' id='word_1_127' title='bbox 57 1754 108 1818; x_wconf 93' lang='lat' dir='ltr'>illi</span> <span class='ocrx_word' id='word_1_128' title='bbox 131 1753 229 1838; x_wconf 89' lang='lat' dir='ltr'>primi</span> <span class='ocrx_word' id='word_1_129' title='bbox 252 1752 374 1819; x_wconf 88' lang='lat' dir='ltr'>iudices</span> <span class='ocrx_word' id='word_1_130' title='bbox 399 1758 579 1837; x_wconf 87' lang='lat' dir='ltr'>senserunt,</span> <span class='ocrx_word' id='word_1_131' title='bbox 600 1755 663 1820; x_wconf 91' lang='lat' dir='ltr'>hoc</span> <span class='ocrx_word' id='word_1_132' title='bbox 686 1754 817 1820; x_wconf 89' lang='lat' dir='ltr'>secundi</span> <span class='ocrx_word' id='word_1_133' title='bbox 836 1757 1021 1819; x_wconf 86' lang='lat' dir='ltr'>senserunt:</span> 
     </span>
     <span class='ocr_line' id='line_1_19' title="bbox 57 1842 1022 1926; baseline -0.001 -20"><span class='ocrx_word' id='word_1_134' title='bbox 57 1864 143 1906; x_wconf 90' lang='lat' dir='ltr'>nnnc</span> <span class='ocrx_word' id='word_1_135' title='bbox 171 1842 340 1907; x_wconf 88' lang='lat' dir='ltr'>absolutus</span> <span class='ocrx_word' id='word_1_136' title='bbox 365 1863 407 1907; x_wconf 85' lang='lat' dir='ltr'>es.</span> <span class='ocrx_word' id='word_1_137' title='bbox 458 1842 542 1906; x_wconf 94' lang='lat' dir='ltr'>nihil</span> <span class='ocrx_word' id='word_1_138' title='bbox 564 1842 603 1906; x_wconf 91' lang='lat' dir='ltr'>de</span> <span class='ocrx_word' id='word_1_139' title='bbox 626 1842 785 1926; x_wconf 81' lang='lat' dir='ltr'>religione</span> <span class='ocrx_word' id='word_1_140' title='bbox 809 1864 933 1925; x_wconf 90' lang='lat' dir='ltr'>eorum,</span> <span class='ocrx_word' id='word_1_141' title='bbox 966 1842 1022 1926; x_wconf 89' lang='lat' dir='ltr'>qui</span> 
     </span>
     <span class='ocr_line' id='line_1_20' title="bbox 58 1929 1022 2016; baseline -0.002 -21"><span class='ocrx_word' id='word_1_142' title='bbox 58 1932 360 2014; x_wconf 82' lang='lat' dir='ltr'>pronuntiaverunt,</span> <span class='ocrx_word' id='word_1_143' title='bbox 384 1952 515 2015; x_wconf 89' lang='lat' dir='ltr'>querar:</span> <span class='ocrx_word' id='word_1_144' title='bbox 539 1935 634 1995; x_wconf 88' lang='lat' dir='ltr'>erant</span> <span class='ocrx_word' id='word_1_145' title='bbox 656 1934 780 2016; x_wconf 85' lang='lat' dir='ltr'>tamen,</span> <span class='ocrx_word' id='word_1_146' title='bbox 804 1952 886 2015; x_wconf 89' lang='lat' dir='ltr'>quae</span> <span class='ocrx_word' id='word_1_147' title='bbox 909 1932 943 1995; x_wconf 90' lang='lat' dir='ltr'>te</span> <span class='ocrx_word' id='word_1_148' title='bbox 967 1929 1022 1994; x_wconf 91' lang='lat' dir='ltr'>ad-</span> 
     </span>
     <span class='ocr_line' id='line_1_21' title="bbox 60 2018 1076 2085; baseline -0.001 -2"><span class='ocrx_word' id='word_1_149' title='bbox 60 2021 218 2085; x_wconf 86' lang='lat' dir='ltr'>iuvarent.</span> <span class='ocrx_word' id='word_1_150' title='bbox 254 2041 321 2085; x_wconf 91' lang='lat' dir='ltr'>non</span> <span class='ocrx_word' id='word_1_151' title='bbox 344 2018 426 2084; x_wconf 90' lang='lat' dir='ltr'>illud</span> <span class='ocrx_word' id='word_1_152' title='bbox 449 2018 617 2084; x_wconf 83' lang='lat' dir='ltr'>dicebatur</span> <span class='ocrx_word' id='word_1_153' title='bbox 639 2020 673 2083; x_wconf 92' lang='lat' dir='ltr'>in</span> <span class='ocrx_word' id='word_1_154' title='bbox 697 2019 830 2085; x_wconf 89' lang='lat' dir='ltr'>iudicio:</span> <span class='ocrx_word' id='word_1_155' title='bbox 859 2040 949 2084; x_wconf 86' lang='lat' dir='ltr'>»non</span> <span class='ocrx_word' id='word_1_156' title='bbox 973 2021 1024 2084; x_wconf 88' lang='lat' dir='ltr'>est</span> <span class='ocrx_word' id='word_1_157' title='bbox 1042 2033 1076 2082; x_wconf 80' lang='lat'>20</span> 
     </span>
     <span class='ocr_line' id='line_1_22' title="bbox 58 2107 1022 2195; baseline 0 -23"><span class='ocrx_word' id='word_1_158' title='bbox 58 2108 113 2172; x_wconf 94' lang='lat' dir='ltr'>hic</span> <span class='ocrx_word' id='word_1_159' title='bbox 136 2109 224 2191; x_wconf 83' lang='lat' dir='ltr'>talia,</span> <span class='ocrx_word' id='word_1_160' title='bbox 246 2109 281 2172; x_wconf 96' lang='lat' dir='ltr'>in</span> <span class='ocrx_word' id='word_1_161' title='bbox 304 2130 368 2194; x_wconf 90' lang='lat' dir='ltr'>qno</span> <span class='ocrx_word' id='word_1_162' title='bbox 391 2107 577 2193; x_wconf 87' lang='lat' dir='ltr'>petulantia</span> <span class='ocrx_word' id='word_1_163' title='bbox 599 2107 758 2174; x_wconf 86' lang='lat' dir='ltr'>credenda</span> <span class='ocrx_word' id='word_1_164' title='bbox 781 2109 835 2195; x_wconf 86' lang='lat' dir='ltr'>ait,</span> <span class='ocrx_word' id='word_1_165' title='bbox 857 2108 1022 2174; x_wconf 85' lang='lat' dir='ltr'>modestos</span> 
     </span>
     <span class='ocr_line' id='line_1_23' title="bbox 60 2196 1024 2283; baseline -0.001 -22"><span class='ocrx_word' id='word_1_166' title='bbox 60 2219 166 2262; x_wconf 88' lang='lat' dir='ltr'>mores</span> <span class='ocrx_word' id='word_1_167' title='bbox 189 2197 290 2263; x_wconf 88' lang='lat' dir='ltr'>habet</span> <span class='ocrx_word' id='word_1_168' title='bbox 297 2248 306 2282; x_wconf 93' lang='lat'>,</span> <span class='ocrx_word' id='word_1_169' title='bbox 329 2196 452 2263; x_wconf 90' lang='lat' dir='ltr'>nemini</span> <span class='ocrx_word' id='word_1_170' title='bbox 474 2220 629 2283; x_wconf 89' lang='lat' dir='ltr'>umquam</span> <span class='ocrx_word' id='word_1_171' title='bbox 651 2197 730 2263; x_wconf 87' lang='lat' dir='ltr'>fecit</span> <span class='ocrx_word' id='word_1_172' title='bbox 753 2198 934 2283; x_wconf 65' lang='lat' dir='ltr'>iniuriam«</span> <span class='ocrx_word' id='word_1_173' title='bbox 968 2196 1024 2262; x_wconf 90' lang='lat' dir='ltr'>sed</span> 
     </span>
     <span class='ocr_line' id='line_1_24' title="bbox 60 2286 1022 2372; baseline -0.001 -22"><span class='ocrx_word' id='word_1_174' title='bbox 60 2286 227 2351; x_wconf 85' lang='lat' dir='ltr'>dicebatur</span> <span class='ocrx_word' id='word_1_175' title='bbox 249 2286 343 2351; x_wconf 88' lang='lat' dir='ltr'>illud:</span> <span class='ocrx_word' id='word_1_176' title='bbox 367 2287 544 2352; x_wconf 81' lang='lat' dir='ltr'>&gt;moniam</span> <span class='ocrx_word' id='word_1_177' title='bbox 567 2286 761 2352; x_wconf 87' lang='lat' dir='ltr'>iniuriarum</span> <span class='ocrx_word' id='word_1_178' title='bbox 782 2287 903 2372; x_wconf 89' lang='lat' dir='ltr'>petitur</span> <span class='ocrx_word' id='word_1_179' title='bbox 926 2286 1022 2351; x_wconf 90' lang='lat' dir='ltr'>ultio:</span> 
     </span>
     <span class='ocr_line' id='line_1_25' title="bbox 59 2374 1024 2461; baseline -0.002 -22"><span class='ocrx_word' id='word_1_180' title='bbox 59 2376 165 2459; x_wconf 87' lang='lat' dir='ltr'>capite</span> <span class='ocrx_word' id='word_1_181' title='bbox 197 2375 439 2458; x_wconf 87' lang='lat' dir='ltr'>periclitaturus</span> <span class='ocrx_word' id='word_1_182' title='bbox 472 2379 531 2442; x_wconf 87' lang='lat' dir='ltr'>est.</span> <span class='ocrx_word' id='word_1_183' title='bbox 581 2376 709 2442; x_wconf 90' lang='lat' dir='ltr'>etiamsi</span> <span class='ocrx_word' id='word_1_184' title='bbox 742 2375 819 2461; x_wconf 90' lang='lat' dir='ltr'>qnid</span> <span class='ocrx_word' id='word_1_185' title='bbox 851 2374 1024 2457; x_wconf 91' lang='lat' dir='ltr'>commisit,</span> 
     </span>
     <span class='ocr_line' id='line_1_26' title="bbox 62 2462 1076 2550; baseline -0.002 -21"><span class='ocrx_word' id='word_1_186' title='bbox 62 2464 143 2529; x_wconf 88' lang='lat' dir='ltr'>satis</span> <span class='ocrx_word' id='word_1_187' title='bbox 166 2466 276 2528; x_wconf 88' lang='lat' dir='ltr'>tamen</span> <span class='ocrx_word' id='word_1_188' title='bbox 298 2486 476 2549; x_wconf 89' lang='lat' dir='ltr'>poenarum</span> <span class='ocrx_word' id='word_1_189' title='bbox 495 2464 614 2531; x_wconf 82' lang='lat' dir='ltr'>dedit«</span> <span class='ocrx_word' id='word_1_190' title='bbox 635 2465 709 2550; x_wconf 88' lang='lat' dir='ltr'>ipsa</span> <span class='ocrx_word' id='word_1_191' title='bbox 725 2464 787 2530; x_wconf 87' lang='lat' dir='ltr'>hac</span> <span class='ocrx_word' id='word_1_192' title='bbox 806 2462 1022 2529; x_wconf 86' lang='lat' dir='ltr'>sollicitudine</span> <span class='ocrx_word' id='word_1_193' title='bbox 1042 2477 1076 2526; x_wconf 77' lang='lat'>25</span> 
     </span>
     <span class='ocr_line' id='line_1_27' title="bbox 62 2551 1022 2639; baseline -0.001 -22"><span class='ocrx_word' id='word_1_194' title='bbox 62 2551 346 2639; x_wconf 88' lang='lat' dir='ltr'>circumscripsisti</span> <span class='ocrx_word' id='word_1_195' title='bbox 371 2552 624 2621; x_wconf 88' lang='lat' dir='ltr'>misericordiam</span> <span class='ocrx_word' id='word_1_196' title='bbox 648 2553 803 2639; x_wconf 88' lang='lat' dir='ltr'>iudicum,</span> <span class='ocrx_word' id='word_1_197' title='bbox 832 2551 860 2617; x_wconf 87' lang='lat' dir='ltr'>si</span> <span class='ocrx_word' id='word_1_198' title='bbox 884 2552 1022 2618; x_wconf 84' lang='lat' dir='ltr'>alterum</span> 
     </span>
     <span class='ocr_line' id='line_1_28' title="bbox 59 2641 321 2707; baseline 0 -1"><span class='ocrx_word' id='word_1_199' title='bbox 59 2641 198 2707; x_wconf 80' lang='lat' dir='ltr'>occisuri</span> <span class='ocrx_word' id='word_1_200' title='bbox 222 2644 321 2707; x_wconf 85' lang='lat' dir='ltr'>erant.</span> 
     </span>
    </p>
   </div>
   <div class='ocr_carea' id='block_1_3' title="bbox 457 2817 630 2885">
    <p class='ocr_par' dir='ltr' id='par_1_4' title="bbox 457 2817 630 2885">
     <span class='ocr_line' id='line_1_29' title="bbox 457 2817 630 2885; baseline 0.006 -2"><span class='ocrx_word' id='word_1_201' title='bbox 457 2817 630 2885; x_wconf 76' lang='lat' dir='ltr'><strong>SERMO.</strong></span> 
     </span>
    </p>
   </div>
   <div class='ocr_carea' id='block_1_4' title="bbox 60 2943 1077 3120">
    <p class='ocr_par' dir='ltr' id='par_1_5' title="bbox 60 2943 1077 3120">
     <span class='ocr_line' id='line_1_30' title="bbox 127 2943 1022 3028; baseline 0.001 -20"><span class='ocrx_word' id='word_1_202' title='bbox 127 2945 166 3009; x_wconf 91' lang='lat' dir='ltr'>In</span> <span class='ocrx_word' id='word_1_203' title='bbox 199 2966 327 3010; x_wconf 89' lang='lat' dir='ltr'>summa</span> <span class='ocrx_word' id='word_1_204' title='bbox 363 2948 456 3028; x_wconf 85' lang='lat' dir='ltr'>parte</span> <span class='ocrx_word' id='word_1_205' title='bbox 493 2944 733 3028; x_wconf 84' lang='lat' dir='ltr'>aestimabitur,</span> <span class='ocrx_word' id='word_1_206' title='bbox 766 2943 818 3008; x_wconf 88' lang='lat' dir='ltr'>cui</span> <span class='ocrx_word' id='word_1_207' title='bbox 840 2943 965 3009; x_wconf 89' lang='lat' dir='ltr'>homini</span> <span class='ocrx_word' id='word_1_208' title='bbox 990 2947 1022 3009; x_wconf 88' lang='lat' dir='ltr'>et</span> 
     </span>
     <span class='ocr_line' id='line_1_31' title="bbox 60 3034 1077 3120; baseline -0.005 -19"><span class='ocrx_word' id='word_1_209' title='bbox 60 3037 184 3120; x_wconf 90' lang='lat' dir='ltr'>quanta</span> <span class='ocrx_word' id='word_1_210' title='bbox 207 3034 289 3099; x_wconf 85' lang='lat' dir='ltr'>ultio</span> <span class='ocrx_word' id='word_1_211' title='bbox 313 3035 453 3118; x_wconf 86' lang='lat' dir='ltr'>petatur.</span> <span class='ocrx_word' id='word_1_212' title='bbox 1043 3047 1077 3096; x_wconf 85' lang='lat'>30</span> 
     </span>
    </p>
   </div>
   <div class='ocr_carea' id='block_1_5' title="bbox 60 3207 1025 3423">
    <p class='ocr_par' dir='ltr' id='par_1_6' title="bbox 60 3207 1025 3423">
     <span class='ocr_line' id='line_1_32' title="bbox 131 3207 1025 3280; baseline -0.004 -16"><span class='ocrx_word' id='word_1_213' title='bbox 131 3213 148 3264; x_wconf 77' lang='grc' dir='ltr'><strong>ὅ</strong></span> <span class='ocrx_word' id='word_1_214' title='bbox 166 3207 308 3279; x_wconf 87' lang='lat' dir='ltr'>pericli</span> <span class='ocrx_word' id='word_1_215' title='bbox 326 3211 350 3262; x_wconf 82' lang='grc' dir='ltr'><strong>Δ</strong></span> <span class='ocrx_word' id='word_1_216' title='bbox 365 3211 374 3280; x_wconf 79' lang='grc' dir='ltr'>ΙΙ</span> <span class='ocrx_word' id='word_1_217' title='bbox 389 3215 405 3263; x_wconf 88' lang='grc'><strong>6</strong></span> <span class='ocrx_word' id='word_1_218' title='bbox 423 3225 491 3264; x_wconf 89' lang='lat' dir='ltr'>num</span> <span class='ocrx_word' id='word_1_219' title='bbox 504 3212 564 3279; x_wconf 70' lang='lat' dir='ltr'>AB,</span> <span class='ocrx_word' id='word_1_220' title='bbox 583 3225 652 3266; x_wconf 84' lang='lat' dir='ltr'>corr.</span> <span class='ocrx_word' id='word_1_221' title='bbox 671 3208 737 3265; x_wconf 76' lang='lat' dir='ltr'>Aer.</span> <span class='ocrx_word' id='word_1_222' title='bbox 769 3209 779 3278; x_wconf 75' lang='lat' dir='ltr'>ll</span> <span class='ocrx_word' id='word_1_223' title='bbox 794 3214 809 3264; x_wconf 84' lang='grc'><strong>7</strong></span> <span class='ocrx_word' id='word_1_224' title='bbox 827 3207 871 3263; x_wconf 88' lang='lat' dir='ltr'>bis</span> <span class='ocrx_word' id='word_1_225' title='bbox 889 3223 939 3263; x_wconf 86' lang='lat' dir='ltr'>om.</span> <span class='ocrx_word' id='word_1_226' title='bbox 960 3210 1000 3260; x_wconf 70' lang='lat' dir='ltr'>A·</span> <span class='ocrx_word' id='word_1_227' title='bbox 1018 3207 1025 3275; x_wconf 71' lang='lat' dir='ltr'>l,</span> 
     </span>
     <span class='ocr_line' id='line_1_33' title="bbox 62 3279 1025 3353; baseline -0.003 -19"><span class='ocrx_word' id='word_1_228' title='bbox 62 3285 95 3334; x_wconf 82' lang='lat'>12</span> <span class='ocrx_word' id='word_1_229' title='bbox 114 3281 147 3335; x_wconf 83' lang='lat' dir='ltr'>ut</span> <span class='ocrx_word' id='word_1_230' title='bbox 164 3295 214 3336; x_wconf 78' lang='lat' dir='ltr'>om,</span> <span class='ocrx_word' id='word_1_231' title='bbox 234 3281 280 3353; x_wconf 66' lang='lat' dir='ltr'>Ab</span> <span class='ocrx_word' id='word_1_232' title='bbox 305 3287 411 3337; x_wconf 80' lang='lat'><strong>16-1‘1</strong></span> <span class='ocrx_word' id='word_1_233' title='bbox 430 3283 481 3335; x_wconf 84' lang='lat' dir='ltr'>tna</span> <span class='ocrx_word' id='word_1_234' title='bbox 498 3280 575 3349; x_wconf 87' lang='lat' dir='ltr'>qnod</span> <span class='ocrx_word' id='word_1_235' title='bbox 592 3279 637 3335; x_wconf 90' lang='lat' dir='ltr'>illi</span> <span class='ocrx_word' id='word_1_236' title='bbox 655 3280 699 3336; x_wconf 83' lang='lat' dir='ltr'>Ro</span> <span class='ocrx_word' id='word_1_237' title='bbox 712 3282 722 3352; x_wconf 83' lang='grc' dir='ltr'>ΙΙ</span> <span class='ocrx_word' id='word_1_238' title='bbox 736 3286 770 3335; x_wconf 79' lang='lat'>23</span> <span class='ocrx_word' id='word_1_239' title='bbox 788 3280 846 3335; x_wconf 88' lang='lat' dir='ltr'>iam</span> <span class='ocrx_word' id='word_1_240' title='bbox 863 3279 897 3334; x_wconf 78' lang='lat' dir='ltr'>in</span> <span class='ocrx_word' id='word_1_241' title='bbox 914 3295 970 3334; x_wconf 80' lang='lat' dir='ltr'>roc.</span> <span class='ocrx_word' id='word_1_242' title='bbox 990 3284 1025 3345; x_wconf 77' lang='lat' dir='ltr'>A3</span> 
     </span>
     <span class='ocr_line' id='line_1_34' title="bbox 60 3351 737 3423; baseline -0.003 -17"><span class='ocrx_word' id='word_1_243' title='bbox 60 3354 143 3407; x_wconf 84' lang='lat' dir='ltr'>tanta</span> <span class='ocrx_word' id='word_1_244' title='bbox 161 3351 200 3423; x_wconf 67' lang='lat' dir='ltr'>(i)</span> <span class='ocrx_word' id='word_1_245' title='bbox 220 3354 267 3422; x_wconf 72' lang='lat' dir='ltr'>aa,</span> <span class='ocrx_word' id='word_1_246' title='bbox 285 3353 384 3408; x_wconf 78' lang='lat' dir='ltr'>tamen</span> <span class='ocrx_word' id='word_1_247' title='bbox 401 3356 439 3406; x_wconf 79' lang='lat' dir='ltr'>Bb</span> <span class='ocrx_word' id='word_1_248' title='bbox 454 3354 463 3423; x_wconf 86' lang='grc' dir='ltr'>ΙΙ</span> <span class='ocrx_word' id='word_1_249' title='bbox 477 3357 513 3408; x_wconf 77' lang='grc'>28</span> <span class='ocrx_word' id='word_1_250' title='bbox 531 3353 628 3407; x_wconf 82' lang='lat' dir='ltr'>Sermo</span> <span class='ocrx_word' id='word_1_251' title='bbox 647 3368 697 3409; x_wconf 77' lang='lat' dir='ltr'>mn.</span> <span class='ocrx_word' id='word_1_252' title='bbox 716 3355 737 3404; x_wconf 71' lang='lat' dir='ltr'>B</span> 
     </span>
    </p>
   </div>
   <div class='ocr_carea' id='block_1_6' title="bbox 106 3549 912 3613">
    <p class='ocr_par' dir='ltr' id='par_1_7' title="bbox 106 3549 912 3613">
     <span class='ocr_line' id='line_1_35' title="bbox 106 3549 912 3613; baseline 0.055 -22"><span class='ocrx_word' id='word_1_253' title='bbox 106 3554 246 3602; x_wconf 66' lang='lat' dir='ltr'>Quintiliani</span> <span class='ocrx_word' id='word_1_254' title='bbox 260 3557 325 3613; x_wconf 80' lang='lat' dir='ltr'>decl,</span> <span class='ocrx_word' id='word_1_255' title='bbox 341 3560 378 3604; x_wconf 86' lang='lat' dir='ltr'>ed.</span> <span class='ocrx_word' id='word_1_256' title='bbox 393 3561 484 3612; x_wconf 78' lang='lat' dir='ltr'>thter.</span> <span class='ocrx_word' id='word_1_257' title='bbox 867 3549 912 3600; x_wconf 51' lang='lat' dir='ltr'>‘m</span> 
     </span>
    </p>
   </div>
   <div class='ocr_carea' id='block_1_7' title="bbox 0 0 1208 3816">
    <p class='ocr_par' dir='ltr' id='par_1_8' title="bbox 0 0 1208 3816">
     <span class='ocr_line' id='line_1_36' title="bbox 0 0 1208 3816; baseline 0 0"><span class='ocrx_word' id='word_1_258' title='bbox 0 0 1208 3816; x_wconf 95' lang='lat' dir='ltr'> </span> 
     </span>
    </p>
   </div>
  </div>
 </body>
</html>
