2386 3816
238 166 250 191 '⁸
323 155 640 218 DECLAMATIONES.
660 158 802 216 COLXIII.
1000 162 1041 226 Π

67 343 178 406 quam
198 342 317 389 novam
341 321 575 406 constituisset,
599 323 836 410 trogationem
860 326 1043 410 appellaret

71 410 114 475 de
143 409 197 474 his
223 411 451 478 tantummodo
484 412 585 477 latam
624 414 681 498 qui
708 417 801 481 erant
833 413 1043 501 ignominiosi

72 498 146 564 illis
170 499 297 565 remisit
318 499 416 566 istam
440 501 577 567 veniam.
604 501 744 568 fortasse
763 503 818 569 isti
837 504 1042 588 placebunt,†

73 589 105 654 si
133 587 246 672 plures
269 588 443 655 inciderint
469 591 504 656 in
527 590 661 656 eandem
686 595 820 677 sortem,
848 594 883 658 in
907 594 1041 659 eandem

74 677 313 744 condicionem.

408 762 516 820 Psas
535 763 715 820 ALTERA.

391 870 731 942 DECLAMATIO.

144 977 236 1044 Idem
262 984 393 1065 tempus
422 984 473 1046 est
501 982 701 1067 ignominiae
723 1004 817 1049 meae
838 987 870 1048 et
894 987 1041 1069 receptae

73 1069 271 1154 rogationis.
316 1091 393 1134 nam
415 1073 533 1135 natura
555 1072 645 1155 prius
670 1075 733 1154 est,
763 1075 799 1136 ut
822 1092 883 1157 ego
905 1094 973 1139 non
995 1079 1041 1138 te·

74 1179 184 1243 neam,
207 1180 305 1242 quam
328 1164 365 1224 ut
387 1163 519 1245 recepta
540 1158 593 1225 lex
617 1160 669 1225 sit
697 1183 773 1226 nani
793 1161 821 1225 si
840 1181 901 1246 ego
920 1162 1041 1227 tenuis·
1062 1180 1095 1229 10

75 1268 163 1332 sem,
195 1247 248 1313 lex
278 1252 409 1334 recepta
442 1269 509 1314 non
538 1252 637 1332 esset,
668 1250 821 1334 quoniam
849 1271 916 1318 non
942 1252 1042 1333 tenui,

75 1339 216 1421 recepta
237 1337 290 1402 lex
318 1343 388 1403 est.
426 1337 528 1423 igitur
554 1337 737 1425 ignominia
764 1360 837 1404 mea
864 1341 1042 1426 praecessit

76 1428 208 1512 tempus
237 1427 430 1513 rogationis.
480 1426 570 1511 prius
598 1428 683 1514 apud
711 1429 837 1494 animos
864 1451 940 1495 suos
967 1450 1041 1496 con·

76 1515 258 1583 stituerrmt
276 1515 435 1602 homines,
456 1537 523 1582 non
540 1538 656 1602 parere
675 1516 923 1583 contradictioni
941 1540 1042 1603 meae,

79 1626 179 1689 quam
216 1605 421 1691 rogationem
452 1608 652 1689 receperunt.
710 1610 900 1691 antequam¹
918 1607 1042 1673 tabella
1063 1625 1095 1674 15
1151 1632 1152 1635 ¹

77 1692 267 1777 referretur,
294 1696 469 1780 antequam
501 1698 706 1761 excuteretur
739 1716 892 1760 numerus
920 1696 1043 1781 populi,

78 1803 142 1869 ego
169 1782 236 1850 iam
262 1804 329 1848 non
351 1786 529 1848 tenueram.
574 1784 704 1868 rogatio
731 1784 874 1849 nondum
902 1789 973 1850 erat
996 1807 1043 1849 re-

77 1874 191 1959 cepta,
218 1872 283 1938 nisi
319 1874 532 1957 posteaquam
567 1871 789 1937 dinumeratae
822 1876 898 1936 sunt
929 1873 1042 1956 populi

79 1961 271 2030 sententiae.
301 1961 399 2044 †hoc
422 1980 499 2045 ergo
523 1961 673 2042 tanuit†
706 1963 803 2045 atque
827 1960 957 2026 etiamsi
979 1961 1041 2027 hoo

78 2053 209 2137 tempus
250 2050 343 2116 mihi>
368 2072 434 2117 non
466 2050 649 2115 remitteret
680 2052 786 2116 totam
817 2049 1042 2134 ignominiam,
1061 2067 1096 2117 20

78 2139 134 2207 lex
164 2143 290 2224 tamen,
322 2162 403 2226 quae
430 2138 665 2225 ignominiosos
694 2160 809 2204 vacare
842 2139 932 2204 omni
963 2145 1043 2206 nota

78 2230 239 2313 voluerat,
260 2230 431 2296 remiserat
453 2227 535 2294 mihi
559 2228 638 2294 duas
661 2228 736 2294 illas
760 2228 1042 2295 contradictiones.

78 2340 147 2385 non
171 2319 359 2385 animiscit
382 2317 598 2405 ignominiam
620 2318 719 2383 tertia
737 2318 963 2402 contradictio,
987 2316 1043 2382 sed

78 2412 156 2475 tres.
202 2407 341 2494 quodsi
371 2408 453 2474 duae
480 2407 557 2472 illae
584 2409 842 2494 praecesserant,
870 2428 952 2492 quae
975 2429 1042 2471 ma·

153 2536 170 2585 8
189 2527 322 2585 remisitis
339 2531 436 2585 tamen
454 2527 567 2584 veniam
585 2528 727 2585 literistis
744 2529 777 2583 io
795 2543 850 2583 ras.
869 2527 979 2596 scriptis
997 2528 1043 2599 Ait

81 2607 153 2658 1-4
171 2616 262 2656 oenseo
279 2602 322 2655 ito
340 2601 503 2672 corrigendo
521 2599 584 2668 *qd
603 2616 630 2654 n.
650 2599 762 2654 oonsffit.
782 2599 854 2682 [rog.
870 2596 987 2671 appell]
1007 2599 1042 2654 de

79 2674 108 2729 la
127 2676 148 2730 t.
168 2671 269 2739 latam,
295 2691 321 2741 q.
341 2689 365 2728 a.
387 2669 575 2742 ignominiosi.
612 2670 671 2727 iliis
688 2687 756 2726 rem.
781 2672 827 2726 rst.
846 2686 967 2738 poenam
993 2671 1044 2739 (sci

81 2742 292 2800 constituerunt
312 2742 443 2810 veniam).
479 2743 599 2799 fortasse
622 2741 725 2796 iterum
748 2741 873 2810 placebit
898 2742 949 2811 (vel
967 2740 1044 2796 idem

81 2815 228 2887 placabit),
246 2815 271 2870 si
280 2816 346 2881 sta,
364 2832 429 2870 oum
447 2815 499 2869 illa
512 2813 688 2884 rogationem
703 2812 906 2883 appellaretur
919 2815 1044 2884 margine

80 2888 161 2944 sado
179 2887 218 2943 od
229 2887 312 2943 verto
326 2886 501 2956 rogationem
519 2885 697 2955 abrogasset,
716 2901 786 2954 qaae
803 2900 891 2953 supro
908 2885 975 2954 lego,
995 2886 1043 2939 od·

81 2960 187 3030 scripto
204 2958 291 3026 fuisse
308 2964 333 3014 et
350 2958 416 3013 inde
433 2958 501 3012 uitio
518 2957 671 3026 inrepsisse.
707 2972 777 3024 quos
804 2957 853 3025 qui
876 2956 1042 3025 persuadere

82 3032 137 3088 sibi
145 3047 204 3086 ooo
207 3031 312 3100 poterit
321 3030 405 3100 tegat:
416 3028 619 3084 constituisset:
628 3025 805 3096 rogationem
815 3028 1045 3096 acceperunteto,

86 3100 293 3158 constituisset:
311 3099 426 3175 (nunc)
435 3117 467 3156 ro
488 3097 664 3181 .appeliarat
673 3097 729 3180 Ro,
746 3104 805 3180 rog.
817 3098 984 3180 approbavit
995 3097 1045 3165 Gr,

82 3172 255 3301 instra
266 3172 453 3314 tittt‘t
465 3118 545 3297 a·
560 3169 616 3225 ¹1¹¹
628 3171 745 3296 aas
762 3184 948 3239 Μ
964 3170 1046 3294 aa*

83 3319 104 3373 i.
114 3333 179 3373 mea
196 3320 298 3372 oran
311 3317 321 3385 11
336 3322 368 3370 12
387 3262 475 3396 igitur
493 3312 607 3371 nomina
624 3314 668 3382 ΒΗ
684 3318 717 3367 13
736 3311 935 3366 constituerint
952 3315 998 3382 At}
1014 3318 1045 3368 19

88 3389 127 3444 ad
145 3391 256 3458 quael
284 3389 294 3458 ΙΙ
320 3394 353 3442 21
374 3405 419 3456 qu.
438 3383 632 3457 ignominiosis
652 3383 727 3439 demi
746 3385 843 3438 notam
862 3383 918 3439 vol.
937 3387 957 3435 B
980 3386 990 3453 ΙΙ
1012 3389 1046 3438 28

83 3461 154 3517 fecit
171 3463 192 3512 B
205 3460 215 3528 11
229 3465 264 3514 24
282 3474 352 3514 ovae
367 3463 407 3511 Aa
