2386 3816
159 133 224 196 382
525 133 754 199 QUINTILIANI

469 313 807 381 DECLAMATIO.

225 440 445 525 Tyrannidem
471 464 560 525 paro.
606 442 695 506 vides
726 443 828 506 enim:
856 463 930 506 eum
954 443 1131 510 sceleratis

159 529 241 594 mibi
260 529 432 596 convenit?
456 530 602 596 revocari
617 529 724 595 exules
739 530 838 596 volo?
863 555 916 594 -:
940 552 1006 596 non
1021 533 1130 598 etiam

159 621 240 683 tecta
267 619 399 684 illorum
423 619 560 685 oonsilio
582 619 807 702 deprehendo?
837 642 878 684 an
903 639 978 703 eg0‚
1006 621 1036 684 si
1059 621 1130 688 hoo

124 707 366 792 boogitassem,
403 712 472 772 tam
510 712 621 790 aperte
657 709 765 773 omnia
803 709 942 791 egissem
980 712 1013 773 et
1050 711 1127 793 ipse

158 797 368 878 potissimum
399 796 440 860 ad
472 796 597 861 exulem
626 797 778 861 ivissem?
818 796 969 881 protinus
1001 820 1054 862 me
1088 822 1129 864 ao

158 885 362 969 propositum
395 907 503 949 meum
534 886 663 950 nocenti
697 885 918 969 aperuissem?
959 901 1026 951 non
1060 886 1128 954 hoo

158 975 264 1058 ipsum
297 975 412 1038 timere
445 974 562 1039 debui?
610 973 798 1039 adiecissem
835 974 909 1038 huie
942 976 1129 1059 suspicioni

43 1103 49 1113 ·
160 1062 355 1127 sententiam
379 1085 492 1145 meam,
516 1066 553 1127 ut
575 1063 702 1127 viderer
719 1063 834 1127 timere
853 1063 1016 1128 indicem?
1039 1064 1129 1130 nibil

109 1165 141 1214 10
160 1151 255 1216 debui
280 1152 396 1236 minus,
420 1174 517 1236 quam
540 1152 578 1238 in?
597 1156 686 1217 metu
708 1152 814 1236 ipsum
833 1156 955 1217 metum
973 1154 1127 1236 prodere.

555 1343 721 1413 coculi.

238 1467 333 1534 Reus
357 1467 574 1552 tyrannidis,
599 1468 662 1549 qni
685 1466 901 1535 deliberavit
923 1471 1041 1538 vietor

483 1575 584 1622 arma
606 1555 790 1640 deponere.

158 1681 211 1747 Ex
240 1697 442 1747 susamionn
470 1699 683 1747 rrnmrums
714 1699 768 1747 sir
791 1698 908 1749 acmo.
955 1681 1126 1759 Quaedam

106 1784 139 1834 15
247 1770 375 1854 civitas,
413 1793 495 1857 quae
532 1771 619 1837 bello
656 1770 845 1854 laborabat,
882 1794 955 1837 eum
994 1773 1126 1842 duobus

246 1859 377 1944 proeliis
396 1860 482 1926 vieta
501 1863 595 1944 esset,
615 1860 800 1925 adulescens
820 1859 1126 1944 dives<et>nobilis

247 1971 319 2014 oum
341 1970 505 2014 servorum
530 1954 563 2014 et
586 1948 751 2014 clientium
775 1972 872 2015 manu
896 1953 1023 2016 armata
1046 1976 1125 2037 pro-

247 2037 344 2102 oessit
375 2037 410 2101 in
441 2038 610 2123 proelium.
657 2037 784 2124 fugavit
811 2039 933 2104 hostes.
977 2044 1124 2126 populus

247 2125 394 2207 redeunti
415 2129 526 2210 portas
551 2127 653 2192 elusit.
687 2149 760 2192 cum
779 2132 964 2211 aperturum
984 2133 1124 2212 promit-

247 2217 344 2298 teret,
377 2213 405 2278 si
434 2237 524 2280 arma
550 2216 729 2300 posuisset,
757 2217 924 2301 respondit
952 2218 1056 2300 dives,
1090 2244 1125 2286 se

247 2303 509 2370 deliberaturum.
563 2305 671 2370 triduo
704 2305 904 2370 deliberavit.
956 2307 1054 2371 rediit
1088 2311 1125 2375 in

246 2392 412 2458 civitatem
440 2393 556 2476 positis
586 2393 694 2485 armis.
746 2416 819 2459 reus
849 2400 899 2459 est
927 2397 1125 2478 tyrannidis.

549 2569 722 2637 SERMO.

222 2693 365 2760 Divitem
401 2696 487 2759 huno
519 2696 662 2761 dicemus
693 2699 808 2761 natum
841 2696 979 2761 honesta
1013 2697 1124 2784 domo,

103 2797 136 2846 25
155 2786 248 2867 patre
280 2784 429 2866 militari,
461 2785 540 2849 forti
569 2786 654 2850 viro:
688 2807 707 2848 a
740 2784 855 2868 primis
884 2787 996 2850 statim
1026 2789 1124 2852 annis

156 2872 340 2936 adsuevisse
369 2872 685 2958 studioarmorum,
717 2895 872 2959 magnum
896 2896 954 2958 per
978 2897 1012 2939 se
1036 2877 1124 2941 mili·

155 2960 223 3024 tiae
255 2981 349 3024 usum
383 2960 563 3046 collegisse.
610 2984 683 3027 oum
710 2965 819 3027 autem
853 2963 962 3028 subito
992 2964 1121 3031 bellum

154 3049 336 3132 incidisset,
368 3049 491 3114 fectum
510 3052 624 3116 'alium
655 3051 767 3116 ducem
795 3048 867 3117 'non
897 3053 1032 3131 iudicio,
1064 3055 1123 3118 sed

226 3213 242 3261 2
262 3206 352 3276 vides]
371 3206 479 3263 iudices
497 3210 571 3277 ΡΙΙ4
588 3207 666 3263 faeta
683 3212 714 3275 Α,
733 3208 800 3263 fieta
813 3212 844 3276 B,
863 3225 931 3264 corr.
947 3209 1045 3352 Repe
1065 3211 1120 3264 mi-

154 3278 252 3331 sissem
272 3282 334 3345 AB,
360 3295 429 3334 corr.
450 3279 544 3347 Gril'l
564 3295 643 3334 meae
660 3280 754 3348 lilio
774 3287 805 3333 Ν
827 3280 997 3352 An13<an
1039 3298 1122 3336 arma

155 3348 351 3423 deponere<t>
360 3350 413 3404 Sol
427 3351 436 3419 ΙΙ
451 3355 484 3404 16
494 3349 566 3422 (et)
577 3349 622 3405 Ro
635 3351 645 3419 ll
660 3356 692 3405 1⁷
712 3355 824 3406 armata
842 3367 892 3407 ona.
907 3356 928 3404 Ι
942 3354 952 3420 [Ι
965 3356 999 3405 23
1019 3351 1122 3409 Sermo

148 3435 198 3475 om.
218 3421 316 3490 All28
334 3421 440 3478 indicio
459 3425 536 3475 Η
