2386 3816
40 105 42 111 ’
153 131 197 198 56
519 129 750 198 ouiurmuui

154 298 286 362 eductae
309 295 540 381 praestandum
558 294 695 380 putavit,
718 315 758 358 ne
776 316 840 379 qua
858 293 957 360 occisi
973 293 1122 362 hominis

153 386 289 451 infamia
324 384 560 470 inquinaretur3
598 405 695 469 quam
731 383 867 449 tradidit
903 383 1009 450 amico
1046 406 1120 468 suo,

154 475 239 560 quod
269 475 335 538 iam
364 473 429 539 dici
451 477 573 559 potest,
606 472 730 559 optimo
753 472 880 538 marito.
925 470 1119 538 Proximum

154 568 205 629 est
228 564 269 628 ab
292 563 369 646 hoc,
394 567 434 628 ut
461 562 558 628 amici
580 582 708 647 quoque
740 564 773 627 et
796 559 839 646 (si
861 560 1038 648 permittit)
1062 583 1119 648 ge·

119 667 134 714 o
153 653 223 718 neri
242 652 394 718 mandata
412 651 620 737 perferamus.
658 653 736 716 sunt
753 653 862 716 autem
881 650 1015 716 similia:
1037 672 1120 716 nam

154 741 389 824 utplurimum
420 762 493 807 cum
526 761 564 805 eo
596 738 679 805 vixit
705 742 738 805 et
764 738 854 805 nulla
881 760 992 823 causa,
1023 739 1120 806 nullo

154 830 303 897 diductus
335 833 385 896 est
416 830 488 895 loco
516 832 549 894 et
576 849 676 912 usque
703 828 738 893 in
763 828 827 895 hoc
854 832 984 913 tempus
1011 827 1047 894 in
1078 851 1121 895 aa

152 920 216 985 fuit
239 919 400 1005 opinione,
422 923 459 984 ut
482 940 517 984 se
539 916 684 984 crederet
705 917 814 984 vivere
832 917 990 984 beneficio
1008 916 1119 984 istius.

152 1008 236 1074 Erat
257 1007 403 1093 profecto
425 1007 505 1073 felix
527 1006 651 1085 domus,
677 1007 705 1070 si
727 1007 762 1072 in
784 1007 842 1073 illa
859 1007 964 1092 prima
982 1005 1119 1073 simula·

101 1112 134 1163 10
152 1097 241 1163 tione
264 1098 299 1162 hi
323 1118 453 1163 manere
476 1095 666 1162 voluissent.
700 1095 755 1161 sed
778 1093 855 1161 dum
877 1095 962 1162 hana
986 1117 1119 1181 quoquc

152 1185 316 1253 beneficiis
349 1185 465 1271 optimi
497 1186 582 1251 senis
614 1183 734 1250 referre
765 1185 909 1271 gratiam
938 1185 1055 1251 volunt
1083 1189 1119 1250 et

153 1275 344 1360 simpliciter
361 1274 506 1340 fatentur
525 1273 648 1340 omnia:
667 1272 849 1340 inciderunt
866 1273 964 1341 ambo
980 1273 1017 1339 in
1030 1273 1117 1341 hanc

152 1364 305 1429 dicendae
324 1384 440 1428 causae
462 1363 700 1448 necessitatem,
718 1362 795 1428 dum
812 1362 939 1429 scilicet
962 1363 1116 1431 ambitio-

152 1475 207 1518 sus
226 1472 328 1537 gener
345 1452 415 1518 vult
434 1451 539 1518 videri
559 1473 671 1519 socero
691 1474 750 1518 suo
772 1452 986 1538 innocentior,
1011 1474 1110 1537 quam

100 1556 133 1605 15
152 1541 331 1608 videbatur.
362 1540 523 1626 Equidem
545 1542 686 1626 peractis
709 1541 889 1628 gratiarum
913 1541 1114 1627 agendarum

103 1716 105 1720 ι
152 1629 313 1696 mandatis
345 1629 408 1696 hoc
436 1631 583 1716 primum'
606 1633 699 1716 puto,
725 1634 764 1696 ut
789 1630 847 1697 isti
870 1627 913 1717 (si
936 1630 1118 1719 permittit)

152 1720 306 1804 gratuler.
351 1719 419 1785 filia
442 1720 519 1804 eius,
542 1719 738 1804 probissime
767 1718 877 1804 puella
900 1741 938 1785 ac
960 1741 1116 1786 verocun-

152 1808 299 1893 dissima,
320 1808 446 1874 nullam
469 1809 595 1893 accepit
616 1808 783 1893 iniuriam;
811 1809 934 1874 amicus
959 1811 992 1874 et
1014 1830 1116 1895 gener

151 1898 276 1963 nullum
300 1898 404 1964 scelus
431 1898 516 1964 fecit
560 1919 636 1963 nam
664 1896 693 1962 si
720 1897 799 1982 quid
821 1897 887 1963 tale
911 1897 1056 1984 cogitare
1080 1902 1114 1966 et

98 2002 132 2050 ao
151 1987 186 2051 in
208 1987 354 2052 animum
376 1987 526 2052 inducere
543 1986 714 2071 potuisset,
735 1986 793 2052 illo
811 1989 958 2071 tempore
974 1988 1113 2054 vitiandi

150 2074 267 2139 habuit
285 2075 496 2159 occasionem,
515 2096 579 2159 quo
597 2075 790 2161 naufragam
808 2076 935 2142 inlitus
951 2083 1114 2144 evexerat.

150 2161 291 2247 Reliqua
322 2185 397 2247 pars
430 2164 568 2229 actionis
599 2185 689 2229 meae
728 2186 794 2230 non
830 2168 898 2232 tam
931 2166 973 2231 ad
1004 2166 1113 2234 defen·

151 2251 288 2336 sionem,
319 2251 452 2336 iudices,
479 2255 619 2339 spectat,
650 2275 748 2337 quam
778 2253 819 2319 ad
842 2254 1115 2339 deprecationem.

149 2362 225 2406 nam
243 2341 336 2407 nulla
353 2341 500 2426 profecto
520 2342 638 2407 certior
655 2342 740 2410 ratio
761 2349 820 2428 est,
843 2365 941 2429 quam
955 2349 992 2410 ut
1010 2345 1112 2411 istum

97 2444 130 2494 ao
149 2430 294 2514 priorum
317 2433 500 2517 temporum
524 2430 723 2497 admoneam.

216 2519 279 2585 Hic
298 2520 394 2606 enim,
416 2519 548 2604 iudicas,
571 2519 770 2604 adulescens,
794 2516 896 2606 (quod
918 2522 953 2586 in
975 2521 1038 2588 hoc
1057 2524 1112 2589 de·

149 2629 238 2672 mum
260 2607 380 2674 iudicio
403 2608 585 2675 audivimus
605 2631 624 2674 a
642 2609 742 2676 divite
760 2609 838 2697 diei)
856 2632 989 2697 pauper,
1010 2633 1110 2678 unam

149 2695 213 2760 sibi
237 2696 378 2783 domum,
401 2719 499 2783 qnam
523 2698 657 2783 coleret,
682 2698 796 2784 elegit,
818 2719 919 2764 unum
941 2700 1036 2786 hunc,
1059 2703 1112 2768 oui

148 2784 244 2852 fidem
277 2808 370 2851 suam
396 2787 595 2871 inpenderet.
645 2808 683 2853 aa
709 2786 802 2853 brevi
830 2789 989 2877 moribus,
1017 2813 1110 2858 sanc·

218 3002 235 3050 3
262 2995 333 3069 <et>
352 2996 428 3065 quod
447 2995 500 3053 sca
526 2998 535 3066 ll
561 3003 579 3052 4
607 2998 644 3052 ab
671 2997 725 3054 hoo
752 3013 802 3055 om.
833 3003 854 3053 Β
886 3001 896 3068 l
928 3006 943 3055 'l
972 3001 1111 3059 deductus

146 3071 194 3119 ΑΒ
218 3069 227 3137 ΙΙ
251 3072 284 3121 10
303 3067 441 3123 humanae
459 3084 504 3124 res
523 3068 679 3126 valuissent
696 3074 716 3122 Β
735 3070 745 3140 ΙΙ
764 3077 796 3125 11
816 3072 907 3128 voluit
924 3077 944 3125 B
959 3074 968 3143 ll
983 3079 1016 3128 12
1035 3073 1108 3131 fate·

147 3139 287 3207 returflll
302 3143 407 3194 14—18
425 3139 488 3194 vult
506 3159 532 3195 v.
552 3157 573 3195 s.
592 3159 613 3196 s.
632 3141 650 3196 i.
670 3159 697 3223 q.
716 3159 743 3199 v.
762 3158 787 3198 e.
805 3160 833 3213 p.
852 3161 878 3214 g.
898 3160 923 3198 a.
942 3162 979 3199 m.
994 3143 1022 3200 h.
1036 3163 1064 3216 p.
1079 3165 1107 3216 p.

146 3227 173 3264 n.
192 3209 210 3265 i.
229 3227 257 3279 p.
276 3227 303 3279 g.
322 3208 341 3263 f.
361 3226 385 3266 e.
404 3228 431 3280 p.
451 3229 478 3281 p.
498 3226 522 3266 a.
543 3230 568 3266 v.
587 3230 614 3269 n.
634 3229 658 3268 a.
678 3229 697 3268 1.
717 3229 741 3268 a.
761 3229 785 3269 e.
804 3230 958 3285 generum.
977 3219 1018 3270 Aa
1040 3220 1049 3288 ΙΙ
1073 3222 1107 3273 16

145 3280 207 3335 istis
226 3280 366 3350 permittit
383 3282 429 3350 ΔΙΙ
444 3287 477 3337 22
498 3282 684 3340 delectionem
693 3287 734 3338 Aa
747 3285 757 3355 ΙΙ
771 3291 804 3340 23
822 3284 921 3341 iudicii
938 3291 959 3339 Β
973 3288 982 3356 ΙΙ
997 3292 1108 3360 spectat

145 3367 196 3478 apg.
215 3354 264 3476 ΒΒΙΙ
282 3355 321 3407 aa
334 3351 388 3408 hoe
407 3353 520 3423 quidem
539 3354 595 3410 iud.
614 3360 635 3408 Β
653 3357 664 3424 ΙΙ
684 3363 718 3412 27
737 3357 866 3413 audimur
885 3360 978 3430 Δῃ29
997 3360 1107 3416 brevio·

144 3441 170 3478 n
189 3440 222 3477 us
