2386 3816
129 128 194 193 170
494 120 725 190 onrnrrtmrr

127 296 187 375 est,
210 291 262 357 vel
286 312 359 355 oum
381 288 524 373 periculo
538 285 696 390 venienti:
720 285 828 389 [nihil]
843 285 997 389 tibivero
1017 284 1090 369 quis

128 381 185 484 Ψ
187 375 1091 534 ⁹3⁰ttctlffirtttt¹⁰t¹r3tt1¹ltt¹¹⁰t⁰{tt

128 492 229 623 lbialn
250 557 414 643 parasitus
436 560 548 641 posset
570 554 725 621 occidero.
915 514 924 548 ⁷

92 664 110 714 5
197 646 311 713 Obicio
335 645 410 731 tibi,
432 643 519 732 quod
543 643 729 710 adhibueris
752 664 851 710 cenae
873 643 1019 710 tertium.
1064 642 1093 708 si
1141 696 1173 704 -

129 736 192 802 hoc
214 737 337 802 factum
359 733 493 821 pietatis
517 737 580 815 est,
608 753 689 818 opus
713 735 764 798 est
786 735 921 799 secreto.
967 730 1092 816 Obicio,
1130 781 1175 801 -

129 825 216 910 quod
242 818 423 912 parasitum
450 822 657 908 potissimum
688 818 888 888 adhibueris:
917 820 982 888 boc
1004 821 1091 886 enim
1135 873 1175 883 ..

129 915 266 981 vacabat
294 913 420 997 misero,
442 912 505 978 boc
528 910 635 977 exuli?
672 911 812 977 cenabat
833 932 907 977 cum
928 911 1089 996 parasito!
1170 962 1175 967 .

130 1005 236 1069 cetera
266 1002 334 1068 iam
366 1001 524 1087 intellego
556 1022 624 1067 non
650 999 813 1086 pertinere
841 999 883 1066 ad
914 998 1178 1066 abdicatio-—

75 1110 110 1159 10
128 1113 213 1158 nem.
259 1091 378 1157 altiora
405 1094 481 1156 sunt
508 1090 644 1156 crimina
671 1091 704 1154 et
730 1089 798 1154 suis
826 1088 958 1175 legibus
984 1088 1178 1174 digna„-

128 1202 194 1246 non
220 1184 331 1246 tamen
360 1179 480 1246 debent
505 1178 578 1245 idco
604 1177 770 1263 lucrifieri,
797 1178 883 1263 quod
905 1178 941 1244 in
963 1181 1177 1264 patrem...

128 1269 318 1336 inciderunt.

198 1356 311 1423 Obicio
335 1358 398 1423 tibi
421 1357 587 1425 occidendi
608 1356 721 1423 fratris
740 1356 923 1423 consilium
947 1355 976 1421 si
995 1376 1090 1422 accu-
1143 1385 1174 1397 -

129 1447 219 1511 sator
238 1466 352 1524 essem,
371 1446 451 1513 site
469 1447 502 1511 in
521 1447 661 1513 culleum
679 1448 835 1532 peterem,
851 1446 910 1511 illa
924 1445 1091 1513 dixissem:
1104 1462 1175 1503 ε

74 1552 109 1600 15
127 1555 267 1618 persona
294 1535 424 1600 crimini
452 1535 569 1603 idonea
601 1540 663 1603 est:
695 1534 797 1601 habes
828 1534 1026 1619 parasitum
1059 1538 1174 1600 effi

129 1643 226 1688 causa
254 1622 425 1689 occidendi
446 1624 620 1691 manifesta
647 1629 712 1691 est:
744 1622 878 1691 coheres
906 1645 941 1689 es
967 1622 1091 1690 fratria
1111 1666 1173 1683 .-

128 1713 256 1779 occasio
279 1713 403 1780 adiuvit
426 1713 610 1780 consilium:
633 1713 719 1779 intra
737 1714 822 1779 tinea
845 1708 949 1779 occidi
967 1715 1090 1798 potest3
1126 1730 1173 1781 z

100 1868 102 1871 ,
128 1800 277 1867 minister
299 1824 366 1870 non
389 1802 510 1869 defuit:
530 1803 695 1887 parasitus
717 1802 753 1868 in
775 1806 833 1871 tua
850 1805 1014 1887 potestate
1032 1806 1173 1871 est-..-

129 1893 235 1955 cetera
253 1913 329 1958 vcro
348 1893 398 1958 cui
417 1915 484 1960 non
502 1892 603 1958 etiam
621 1891 795 1958 manifesta
815 1891 904 1957 sint?
927 1890 1090 1977 parasitus
1140 1905 1172 1941 -'

72 1997 109 2046 20
129 1979 199 2043 sine
229 1982 288 2045 tua
325 1983 493 2047 voluntate
529 1981 699 2048 convitiari
731 1980 826 2047 ftetri
852 1983 909 2046 tuo
933 1979 1089 2046 auderet?

127 2066 225 2132 homo
253 2068 290 2132 in
317 2068 537 2137 adulationem
564 2076 675 2156 natus,
706 2069 820 2156 bomo,
849 2069 940 2136 cuius
967 2069 1089 2136 famem
1138 2114 1172 2125 μ

127 2158 164 2219 tu
186 2158 316 2222 tantum
339 2158 499 2243 propitius
523 2159 708 2243 differebas,
735 2180 802 2225 non
823 2157 955 2227 fecisset
977 2159 1089 2245 utique
1166 2184 1172 2191 ·

128 2264 191 2327 quo
220 2248 253 2310 te
280 2250 411 2330 putaret
433 2246 561 2313 offendi.
606 2249 726 2315 dormis
756 2247 834 2333 (hoc
856 2248 919 2314 tibi
940 2248 975 2314 in
997 2269 1089 2334 prae·

127 2333 234 2400 sentia
257 2334 436 2424 credatur):
458 2358 523 2402 non
550 2338 689 2423 putabat
719 2337 781 2403 tibi
803 2359 900 2422 posse
922 2337 1088 2405 nuntiari?

71 2441 108 2491 25
128 2427 161 2488 et
190 2426 302 2490 tamen
323 2425 512 2492 incredibile
536 2430 586 2492 est
608 2429 642 2492 te
666 2425 824 2492 dormisse
845 2425 909 2493 hoc
930 2430 1089 2512 tempore,

126 2511 188 2578 hoc
207 2512 292 2580 loco:
316 2516 501 2582 convivium
520 2521 603 2601 erat;
627 2519 660 2582 et
678 2515 775 2601 quale
794 2515 1001 2583 convivium?
1023 2515 1088 2583 fra-

125 2604 176 2664 ter
198 2602 364 2670 inritatus.
398 2605 446 2671 its
467 2604 525 2670 ille
548 2602 720 2670 convitiari
742 2625 841 2671 ausus
859 2604 985 2690 fuisset,
1008 2605 1088 2671 site

125 2694 291 2758 amantem
318 2693 431 2761 fratris
460 2693 619 2760 vidisset?
664 2692 759 2759 credo
781 2693 966 2778 parasitum
989 2694 1087 2760 etiam

124 2777 300 2847 insultasse
318 2781 470 2850 fortunae
486 2783 548 2848 filii
565 2782 638 2849 mei.
675 2786 777 2867 atace,
800 2782 892 2869 dixit,
914 2782 1011 2848 exul<
1032 2805 1087 2870 pa-

198 3000 212 3047 1
231 3009 294 3049 ven.
312 2993 385 3048 nihil
403 2995 423 3048 t.
443 2998 479 3062 Δ,
506 3011 569 3051 ven.
592 2994 664 3050 mibi
682 2996 703 3051 t.
721 2999 752 3065 B,
771 3009 839 3052 corr.
859 2995 918 3052 Lot
939 2998 949 3067 ΙΙ
971 3001 1087 3068 epera-

124 3064 170 3119 tne
193 3069 235 3118 Aa
256 3066 265 3136 ΙΙ
288 3071 305 3120 t
328 3065 433 3149 lartum
455 3066 508 3150 auu
529 3071 598 3122 6-7
622 3081 708 3123 cenae
729 3067 752 3121 t.
776 3085 797 3122 ι.
812 3067 851 3152 ιὴ.
874 3066 895 3124 f.
917 3084 945 3138 p.
970 3085 993 3124 e.
1019 3084 1044 3123 o.
1064 3085 1087 3123 e.

124 3152 328 3264 lcobdlil'eab
347 3136 581 3276 illiduifffinbl‘
595 3140 661 3281 deli
674 3139 933 3281 {osffispp
949 3138 1088 3268 ilitbdid

123 3277 142 3332 i.
162 3293 187 3334 a.
206 3281 288 3335 natue
306 3282 396 3336 om
419 3280 428 3349 ΙΙ
452 3285 485 3335 22
510 3281 621 3335 tantum
643 3284 675 3337 tu
698 3285 755 3350 Aa,
773 3297 842 3338 corr.
860 3281 906 3338 Ro
923 3283 935 3351 fl
951 3280 1087 3353 prodigus

123 3348 172 3405 Bc
190 3350 236 3420 (cf.
256 3356 321 3419 176,
334 3354 381 3422 10)
400 3354 409 3423 ΙΙ
427 3356 461 3407 23
480 3353 609 3422 pctearet
626 3356 668 3406 Δι
686 3354 696 3422 l
714 3359 749 3407 24
767 3352 898 3409 mundari
915 3356 1027 3424 Δι1125
1046 3353 1087 3409 in·

122 3421 243 3477 ccdibile
263 3426 302 3478 Αι
313 3424 325 3494 l]
338 3430 373 3481 26
395 3424 483 3481 fratre
506 3428 548 3478 Aa
560 3425 570 3496 l
582 3429 617 3480 27
641 3422 769 3481 conviari
789 3428 832 3481 As
848 3427 861 3496 l
876 3430 910 3480 28
935 3441 1029 3483 amem
1046 3429 1088 3479 Aa
