2386 3816
164 130 231 197 242
532 121 762 195 QUINTILIANI

164 294 426 360 adulescentulus
454 292 589 358 interim
615 292 704 358 rudis
732 293 767 357 in
789 292 847 357 illa
868 292 956 359 nube
978 293 1138 380 pulveris,

163 386 199 449 in
223 384 284 449 illa
307 382 496 449 confusione
519 383 754 467 permixtarum
776 382 940 466 utrimque
962 383 1136 468 legionum

166 474 272 538 virum
290 472 411 538 fortem
430 473 522 557 sequi
541 493 607 536 non
625 471 743 555 potuit.
767 474 802 535 at
820 491 880 556 ego
899 471 1015 536 infelix
1029 473 1135 538 etiam

163 557 321 627 invidiam
349 561 417 626 filio
446 560 510 625 feci
535 565 568 626 et
592 560 697 644 spolia
720 559 832 645 retuli,
864 561 1061 645 quominus
1085 563 1137 626 illi

128 663 144 716 5
163 651 395 736 ignosceretur.

233 738 304 815 Quo
322 761 376 804 me
395 738 495 822 ducis,
519 736 648 802 anime?
673 759 736 822 quo
757 758 809 803 me
826 738 940 823 trahis,
960 739 1134 805 adfectus?

162 830 271 913 placet
294 849 405 893 eausa:
433 827 488 893 sed
512 825 600 892 aliud
625 827 745 910 optavi.
790 827 874 891 nihil
898 831 958 912 est,
981 828 1070 913 quod
1095 850 1134 893 ex

163 939 236 983 meo
271 917 385 983 favore
420 937 545 1001 speres,
580 916 704 980 iuvenis
736 915 972 1001 infelicissime3
1005 918 1135 982 nullam

163 1006 315 1072 fiduciam
335 1028 374 1072 ex
391 1005 455 1072 hac
472 1004 767 1090 quantulacumque
782 1026 901 1089 operae
914 1027 1006 1071 meae
1021 1007 1135 1091 gratia

112 1113 146 1162 10
167 1097 289 1180 capias:
320 1095 524 1161 moriendum
557 1095 615 1158 est.
669 1093 805 1159 debetur
836 1094 899 1160 hoc
927 1116 1007 1160 sane
1036 1095 1134 1161 disci·

165 1186 275 1270 plinae
293 1184 440 1268 militari,
458 1183 595 1249 debetur
613 1186 793 1249 castrorum
814 1184 990 1249 severitati.
1014 1184 1133 1260 infelix

164 1274 352 1339 exeuntium
382 1295 477 1338 omen
500 1273 701 1359 miseraeque
725 1272 903 1355 primitiae!
937 1274 966 1340 si
989 1273 1133 1339 alterum

165 1364 277 1447 utique
302 1384 341 1427 ex
360 1361 457 1427 domo
476 1364 590 1428 nostra
609 1360 834 1446 destinabatis,
857 1383 914 1427 cur
931 1383 1000 1428 uon
1019 1384 1132 1427 senem

164 1451 273 1536 potius
306 1450 475 1516 traxistis?
512 1449 588 1535 quid
616 1456 702 1515 nunc
730 1450 792 1515 tibi
819 1451 980 1536 proderit,
1015 1452 1132 1518 miser-

112 1552 146 1607 it
163 1541 246 1606 rime
267 1540 463 1625 adulescens,
482 1539 567 1625 quod
586 1538 752 1605 modestus
772 1540 807 1604 in
825 1561 914 1626 pace,
932 1541 1019 1625 quod
1033 1540 1134 1625 pius?

165 1633 198 1696 et
235 1629 263 1694 si
296 1628 489 1714 contigisset
522 1628 642 1694 aoimti
678 1627 806 1694 felicior
842 1629 948 1714 quies,
984 1631 1133 1714 optimus

164 1708 250 1784 filius
275 1740 355 1784 eras,
392 1717 598 1786 Moriendum
622 1721 681 1782 est.
704 1718 782 1802 quid
805 1718 867 1783 tibi
891 1721 1059 1802 praestare
1084 1719 1134 1783 in·

164 1807 241 1873 felix
264 1811 357 1892 pater
379 1807 536 1893 possum?
574 1828 648 1873 cum
672 1806 812 1891 duceris,
838 1807 937 1892 flebo,
963 1807 1133 1894 plangam.

163 1896 240 1976 hos,
280 1919 360 1981 quos
395 1917 597 1980 sumpseram
628 1895 724 1960 modo
758 1917 797 1960 ex
829 1896 967 1961 victoria
999 1897 1134 1980 publica

111 2002 146 2053 00
165 1987 270 2051 laetos
297 1986 444 2070 habitus,
474 1986 655 2070 abducite„
681 1985 784 2050 merui
813 1985 1007 2050 ambitiosus
1036 1990 1134 2070 pater

166 2075 304 2158 scilicet,
334 2096 374 2139 ne
398 2074 475 2158 quid
498 2073 536 2138 de
559 2074 695 2139 militari
718 2075 891 2140 severitate
913 2075 1136 2159 detraherem,

165 2184 206 2228 no
235 2162 362 2229 viderer
389 2163 441 2229 vir
467 2162 561 2229 fortis
593 2162 752 2228 desertori
773 2164 950 2249 ignoscere.
996 2167 1134 2230 conten·

164 2255 218 2317 tus
250 2251 298 2317 fui
324 2254 401 2336 post
427 2255 478 2317 tot
501 2254 632 2337 merita,
663 2245 793 2322 fauente
816 2257 889 2319 tota
911 2253 1061 2337 civitate,
1097 2257 1135 2319 ut

164 2346 294 2407 tantum
322 2341 477 2407 innocens
505 2362 618 2407 essem.
665 2346 699 2407 et
718 2363 814 2427 ecce,
846 2343 910 2407 iem
934 2341 1133 2409 miserantes

111 2446 145 2496 25
164 2431 257 2498 video
285 2431 429 2497 iudicum
457 2431 581 2516 vultus3
614 2431 816 2515 quorundam
846 2430 1135 2515 deprehenduntur

164 2521 328 2588 lacrimae.
364 2522 456 2606 potui
473 2521 549 2606 plus
569 2524 691 2606 optare,
714 2520 816 2604 potui.
854 2521 901 2586 sic
919 2541 1048 2605 quoque
1069 2541 1133 2606 ego

163 2613 206 2695 te,
229 2610 286 2692 fili,
309 2611 421 2676 occidi.
459 2614 493 2676 at
514 2612 561 2695 tu,
584 2609 730 2694 quisquis
755 2630 797 2694 es,
820 2610 856 2674 in
874 2629 970 2694 quem
988 2609 1133 2675 transfe-

163 2702 254 2763 retur
276 2698 339 2765 hoc
362 2699 476 2765 infelix
494 2699 721 2782 ministerium,
744 2719 910 2782 supremus
930 2698 1006 2764 audi
1024 2700 1133 2783 putris

164 2787 338 2852 miserrimi
356 2809 460 2854 voces.
488 2788 551 2855 hoc
569 2788 687 2854 saltem
705 2786 856 2852 fortunae
875 2809 966 2853 meae
984 2791 1134 2874 praestat

111 2892 146 2941 00
166 2876 267 2942 semel
290 2876 397 2943 ferias.
763 2891 767 2902 '

236 3075 252 3124 2
272 3071 422 3140 utrumque
440 3075 571 3123 dall-1²
583 3072 593 3140 ΙΙ
612 3075 629 3124 4
648 3069 695 3139 qui
714 3069 805 3125 minus
824 3073 865 3122 Aa
877 3072 917 3140 {16
938 3071 1004 3125 aute
1024 3087 1069 3126 me
1089 3077 1132 3125 Aa

163 3141 237 3210 Bll'l
257 3145 300 3196 est
318 3157 367 3196 om.
386 3142 460 3211 ΒΙΙὸ
480 3157 524 3197 mo
543 3142 588 3211 ΑΙΙ
606 3140 716 3197 invenis
734 3143 780 3211 &l
803 3146 835 3194 12
855 3157 959 3196 nomeu
977 3144 1069 3211 131016
1090 3142 1132 3197 fe·

165 3210 336 3281 licitatus,
355 3228 424 3270 corr.
440 3213 494 3280 Gra
516 3212 569 3268 tali
579 3213 666 3268 aetati
682 3213 738 3269 our
751 3216 760 3283 ΙΙ
774 3219 807 3267 21
828 3212 921 3282 quisB
935 3215 945 3282 l
959 3218 1066 3268 se-ui
1091 3214 1132 3268 sic

166 3299 218 3353 ego
237 3286 265 3339 te
285 3300 396 3354 quoque
414 3285 472 3340 lilio
491 3287 535 3355 ΒΙΙ
549 3290 654 3339 27-28
672 3285 879 3340 transfertur!
