2386 3816
155 140 219 206 172
519 133 748 204 nummum

152 303 334 371 violatum?
364 303 476 388 magni
499 300 644 367 adfectis
667 299 740 365 iura
762 317 829 362 non
853 297 1014 381 spectant
1060 293 1190 360 eed-

151 415 192 459 ne
220 392 375 458 dimisisti
403 391 532 477 quidem
559 390 646 455 bona
671 388 742 453 fide.
787 405 865 452 nam
898 387 933 451 et
963 383 1154 450 enumero.

152 482 269 549 absens
296 483 416 567 potest
461 501 521 546 neo
547 479 675 562 dubito,
702 475 781 563 quin
808 475 999 560 expeotetnr
1024 493 1141 540 more-

150 593 232 638 mee.
266 569 312 637 Ut
332 589 403 638 oero
425 590 493 635 non
516 568 622 635 solnm
644 567 759 650 iustae,
782 562 964 630 sedetiam
981 563 1115 629 misera·

115 660 234 726 abilae
265 680 383 726 causae
415 656 633 726 abdicationis
665 655 745 738 sint,
777 653 884 719 filium
915 651 1046 737 perdidi
1079 672 1152 718 ee»

149 752 305 834 temporo,
328 770 393 834 qno
415 747 516 813 minen
538 749 619 812 erat.
654 764 724 810 non
745 741 840 809 licuit
861 741 981 808 saltem
1004 741 1040 807 in
1061 760 1144 826 pe·

148 839 227 921 tria,
254 859 321 905 non
349 838 385 903 in
412 835 510 902 domo
538 857 599 902 sna
620 836 800 900 extremum
822 831 875 897 illi
896 830 1051 915 spiritum
1075 829 1148 895 ef-

148 926 298 993 fundere:
317 926 375 992 ead
393 924 479 1011 quod
498 929 550 990 eet
567 920 945 1005 contumeliosissimum,
962 918 1137 986 manibus-

147 1016 285 1101 paraaiti
309 1021 342 1081 et
364 1015 487 1103 inpune
510 1014 636 1081 oeeisne
656 1015 714 1098 eet,
736 1031 834 1098 quam
852 1007 1027 1096 indignum
1043 1011 1133 1074 erat

94 1118 128 1168 1o
147 1105 266 1189 inpune
292 1104 411 1171 saltem
433 1103 519 1170 male
541 1101 680 1169 audineo.

532 1310 736 1382 doxovn.

264 1436 440 1504 loretrix
462 1437 508 1504 ab
531 1437 691 1506 amatore
713 1434 808 1505 torti
829 1435 984 1504 oaooata.

143 1561 210 1640 Qut
233 1578 500 1629 nxcencevnnm
524 1579 684 1642 nmquam
706 1578 776 1630 aon·
798 1574 984 1628 ‘remonon
1001 1576 1110 1627 mn·

230 1667 322 1716 nnnn
340 1669 410 1718 non
427 1667 625 1717 nxcencnm
641 1669 716 1719 nox
735 1668 798 1719 em.
821 1649 1002 1717 Merenieie
1019 1671 1109 1718 emn-

88 1757 121 1806 15
230 1744 284 1806 tor
306 1739 437 1807 fortiter
457 1741 545 1808 feeit.
578 1744 799 1808 occurrentem
818 1740 884 1807 sibi
901 1740 1106 1807 meretricem

230 1830 423 1896 exeaecavit
458 1830 544 1915 petit
572 1829 644 1916 illa,
670 1833 709 1896 ut
736 1829 849 1896 eodem
876 1827 956 1896 dnoe
981 1832 1107 1896 utatur.

228 1922 358 1985 recusat
380 1919 437 1985 ille
461 1923 494 1986 et
518 1919 615 1986 offert
638 1919 805 1986 talionem.

412 2106 416 2113 “
457 2094 798 2164 DECLAMATIO.

210 2217 359 2308 Siquis,
386 2220 521 2310 iudices,
552 2222 626 2310 lege
650 2221 803 2289 adversus
826 2243 897 2308 eos,
924 2220 982 2309 qui
1006 2241 1122 2289 exeae-

84 2323 120 2376 20
142 2313 315 2397 caverunt,
337 2311 386 2378 ita
410 2312 605 2398 composito,
627 2315 665 2378 ut
686 2314 745 2379 ant
766 2311 924 2378 talionem
946 2310 1123 2396 patiantur

142 2403 201 2465 aut
231 2398 437 2485 aliquatenus
468 2401 622 2468 solatium
648 2399 788 2468 iniuriae
809 2403 991 2487 praestent,
1021 2398 1115 2467 litem

141 2509 211 2554 esse
231 2488 354 2574 audiat,
371 2490 478 2556 altero
495 2495 591 2576 parte
610 2489 756 2557 similem
774 2487 940 2557 fortunam
955 2489 1116 2577 exigente,

140 2577 246 2644 altera
270 2576 437 2645 mitiorem
460 2582 588 2664 partem
610 2579 695 2666 legio
718 2579 942 2666 amplectente,
964 2577 1113 2665 profecto

140 2665 305 2732 existimet
334 2667 420 2734 hano
443 2667 614 2735 mulierem
637 2667 671 2734 id
694 2667 878 2755 postulare,
904 2670 942 2734 ut
965 2684 1112 2735 excaece-

77 2769 114 2819 25
138 2758 193 2820 tur
210 2755 249 2836 is,
272 2755 327 2840 qui
348 2756 413 2823 sibi
432 2757 543 2825 oculos
563 2757 743 2843 eru<er>itz
761 2757 855 2824 illum
873 2759 983 2824 autem
1001 2757 1107 2824 virum

137 2841 257 2908 fortem
287 2844 405 2911 fiduoio
434 2847 626 2913 meritorum
654 2867 689 2913 er
715 2867 828 2914 arem
850 2845 1016 2932 publicam
1040 2867 1110 2931 epe·

136 2953 218 3017 rare,
240 2952 338 3018 posse
362 2933 445 3019 fieri,
468 2939 505 3000 ut
527 2939 642 3003 eontra
658 2868 865 3003 voduntatem
885 2955 1013 3023 quoque
1032 2935 1110 3019 eine,

204 3076 221 3126 8
240 3071 328 3141 quin
347 3077 370 3126 Α
392 3074 402 3142 fl
432 3080 537 3145 eergo
556 3079 620 3145 n,
638 3091 711 3190 codd
727 3075 772 3133 Ro
798 3077 808 3145 ΙΙ
830 3076 984 3132 omieemt
999 3090 1057 3132 non
1074 3078 1111 3140 Δς

130 3212 215 3269 minor
233 3213 341 3288 (exul)
354 3214 403 3271 Ro
415 3215 425 3284 Ι
438 3215 559 3286 psaltem
582 3217 613 3273 in
630 3158 689 3288 gni
705 3223 729 3271 Δ
742 3221 751 3289 11
766 3222 800 3272 12
818 3219 891 3275 forte
905 3222 929 3271 Δ
941 3221 952 3290 Ι
965 3218 1050 3276 eante
1065 3216 1109 3274 nel

131 3287 232 3340 aeeata
244 3289 293 3353 Αι,
311 3288 413 3342 oeoata
426 3290 499 3340 Ab!
513 3289 523 3358 {j
538 3293 572 3342 14
586 3289 666 3344 duxit
679 3307 717 3345 m.
732 3293 773 3343 ιι
785 3291 797 3359 n
813 3296 846 3347 lo
861 3290 1031 3347 ducentem
1043 3293 1084 3343 Δι
1097 3288 1108 3363 Η

126 3356 301 3485 tagmagdniazt
317 3360 338 3410 Ι
356 3358 366 3427 ss
385 3357 520 3414 fortunae
539 3362 560 3412 Ι
578 3362 637 3431 1126
655 3360 774 3433 *eruffit
791 3364 829 3431 Δ,
849 3361 922 3418 eruit
939 3363 1033 3433 litio
1051 3358 1108 3417 for·
