2386 3816
339 155 658 215 onomnumonns,
678 118 869 214 ooonrxvu
1005 158 1071 225 417

110 318 186 383 novi
210 339 316 382 mores
338 321 422 384 tuoe.
447 319 581 384 novitiis
605 319 704 386 etium
724 321 860 386 servulis
880 321 1071 408 ignoscitur.

109 407 167 472 sed
187 406 263 489 quid
281 406 404 473 obicis?
432 406 604 492 ‚‚Uxorem‚
626 408 742 493 inquit,
765 430 831 473 non
850 409 950 494 ducis,
973 432 1071 494 quom

109 493 215 561 volo.“
238 493 322 572 Quid
339 496 432 561 tum?
455 495 560 561 nescis
583 497 689 562 nostri
713 496 840 562 arbitrii
863 519 934 563 esse
956 499 1071 563 matri·

111 583 242 649 monia?
262 583 407 649 adfectus
420 585 525 650 nostri
538 584 630 650 uobis
644 606 711 649 non
724 585 884 650 serviunt:
898 608 964 651 non
977 588 1070 672 potes

109 671 238 737 efficere
251 672 397 757 imperio,
410 676 447 739 ut
461 673 514 737 vel
529 695 644 757 omem,
658 695 754 759 quem
768 673 857 758 velis,
871 673 924 741 vel
938 672 1070 741 oderim.
1091 692 1108 741 ὁ

110 760 355 825 matrimonium
386 783 461 826 vero
489 765 559 826 tum
586 764 779 845 perpetuum
809 766 871 846 est,
902 763 930 826 si
958 763 1072 828 mutue

110 848 278 914 voluntate
300 849 455 933 iungitur.
490 871 563 915 oum
582 869 660 933 ergo
681 853 854 934 quaeratur
876 849 958 914 mihi
981 871 1071 935 uxor,

110 937 200 1002 socie
222 937 300 1019 tori,
330 938 416 1002 vitoe
445 957 590 1021 consors,
612 938 647 1003 in
675 959 770 1003 omne
797 939 961 1005 seeoulum
989 938 1072 1002 mihi

111 1025 260 1109 eligendo
274 1029 332 1092 est.
355 1025 478 1110 alioqui
497 1025 575 1110 quid
594 1025 724 1110 proficis
743 1027 883 1092 invitum
898 1025 1070 1112 cogendo?

110 1113 299 1198 repudiabo.
343 1113 412 1198 „At
435 1114 536 1198 enim,
564 1115 684 1200 inquit,
706 1113 780 1201 lege
804 1114 1070 1200 cogerisorbem
1093 1130 1127 1180 10

111 1200 256 1267 ducere.“
287 1201 396 1278 Quid?
419 1205 456 1266 tu
478 1202 567 1266 illius
591 1206 749 1286 patronus
773 1202 831 1267 es?
856 1202 926 1266 sine
951 1224 1001 1267 me
1020 1202 1071 1267 illi

111 1291 315 1375 respondere.
347 1291 375 1355 si
398 1293 518 1375 potest,
540 1291 612 1375 lege
635 1291 694 1356 illo
712 1295 819 1376 eogat.
852 1290 984 1356 interim
1002 1290 1072 1355 noli

112 1379 193 1443 mihi
220 1379 362 1463 patrium
391 1379 597 1444 maiestatem
621 1399 796 1481 opponere
840 1378 905 1481 sed·
918 1379 1072 1480 nimirum

111 1466 1127 1640 tunduntur:turturiutuitu:1⁶

111 1645 214 1729 gium:
251 1643 308 1709 sed
335 1645 446 1710 voouis
468 1644 611 1709 indicere
634 1645 778 1727 nuptias,
806 1666 874 1710 non
896 1643 1073 1727 oooupotis.

110 1732 212 1817 „Quid
237 1753 323 1818 ergo,
346 1733 461 1818 inquit,
483 1733 597 1797 orbem
619 1753 685 1798 non
708 1732 840 1797 duois?“

178 1820 321 1906 Gaudeo,
344 1825 445 1905 poter,
469 1820 555 1904 quod
572 1820 720 1885 misereri
737 1820 889 1884 fortunae
907 1821 1016 1903 potos:
1040 1820 1072 1882 et

79 1930 84 1941 ·
111 1909 192 1974 haee
220 1909 300 1974 orbo
328 1912 391 1994 est,
424 1913 457 1974 et
484 1909 564 1977 haee
591 1913 719 1993 patrem
746 1907 897 1993 perdidit.
941 1906 1074 1972 fortuna

111 1997 243 2075 similis,
279 1997 485 2084 indulgentie
511 1998 645 2082 propior
673 2001 732 2063 eet.
777 1997 813 2060 in
840 1995 953 2061 eedem
976 1993 1072 2060 domo
1093 2012 1129 2060 ιο

114 2085 242 2150 edueati
274 2107 398 2152 sumus:
435 2086 513 2152 novi
546 2107 666 2168 mores,
697 2084 800 2169 probo
838 2083 1075 2166 verecundiam,

113 2174 215 2257 probo
239 2194 351 2259 genus.
397 2175 496 2259 quid?
530 2175 558 2240 si
581 2173 663 2238 mihi
686 2176 821 2257 epatre
845 2171 1075 2238 oommendate

112 2262 184 2326 est?
208 2263 305 2347 quid?
329 2262 357 2328 si
374 2265 513 2348 rogetus
532 2263 628 2328 sum?
651 2261 751 2346 quid?
775 2262 803 2326 si
823 2261 924 2327 etiem
947 2257 1075 2325 iuravi?

112 2351 160 2414 vis
182 2372 234 2416 me
257 2350 355 2416 fidem
378 2373 444 2419 non
463 2350 650 2436 praestare?
674 2354 707 2414 et
726 2349 799 2414 oui?
823 2350 879 2434 qui
899 2369 951 2412 mo
971 2349 1075 2412 sustu·

112 2439 166 2521 lit,
199 2440 255 2522 qui
286 2443 414 2524 patrem
446 2441 528 2527 egit,
559 2439 616 2526 qui
645 2442 678 2503 te
708 2438 790 2507 mihi
819 2441 948 2522 patrem
976 2434 1074 2519 dedit,
1092 2451 1129 2500 25

112 2529 168 2609 qui
190 2548 240 2591 me
261 2528 296 2591 id
318 2528 413 2593 modo
434 2528 574 2613 rogavit.
595 2548 663 2593 non
686 2529 737 2592 est
759 2525 846 2612 quod
869 2525 970 2608 dicos,
993 2543 1072 2609 »ego

112 2635 230 2699 oogooz
267 2636 368 2700 oeque
404 2620 514 2682 tomen
550 2616 668 2702 peiero.
726 2617 758 2680 et
794 2615 905 2700 quoles
943 2611 1072 2678 futurae

112 2703 256 2786 nuptiae,
280 2724 362 2788 quoe
384 2704 526 2788 periurio
549 2703 748 2789 iunguntur?

184 2883 198 2930 1
219 2875 326 2931 novicis
343 2878 419 2948 ΔΗΒ
437 2879 501 2946 fort.
520 2877 536 2908 ’
547 2878 615 2948 quid
637 2880 671 2932 tu
689 2877 787 2945 neeoie,
805 2875 895 2932 nostri
912 2879 961 2932 eto.
976 2875 1018 2944 14
1038 2879 1070 2928 Ν

112 2964 253 3035 nunonis
272 2969 336 3034 nn,
364 2982 433 3023 corr.
452 2952 840 3038 Aeneame‘tnflquam
859 2964 954 3035 arnt
977 2973 1008 3022 Ν
1029 2961 1075 3032 nu

111 3055 199 3124 igitur
216 3056 310 3125 Διιε
330 3039 399 3110 seim
417 3057 470 3126 en
493 3061 508 3108 o
528 3055 721 3126 cogendumn
744 3057 754 3127 ι
777 3061 811 3109 13
830 3053 962 3124 patria
980 3053 1075 3132 rnre

112 3125 193 3197 [non]
214 3126 255 3181 Gr
268 3128 278 3196 ΙΙ
293 3133 325 3181 16
345 3126 474 3183 inducere
492 3130 550 3195 ΑΒ,
568 3143 637 3183 oorr.
653 3127 720 3194 Aer,
737 3125 824 3181 iudioi
843 3124 921 3195 Soti
938 3127 973 3178 25
993 3122 1076 3190 egit

111 3201 135 3248 Δ
147 3199 158 3266 ΙΙ
171 3203 206 3252 26
225 3197 459 3266 quemadmodum
473 3201 531 3268 An,
546 3213 614 3253 corr.
624 3197 668 3253 Ro
681 3198 691 3266 Ιι
705 3203 739 3254 27
759 3212 829 3266 ougo
848 3211 885 3266 og
902 3209 993 3263 aeque
1011 3193 1073 3261 Bell

111 3266 221 3337 periero
240 3272 307 3322 ΔιΒ
320 3269 330 3338 Ι
344 3274 377 3324 28
397 3286 447 3340 per
464 3266 525 3325 viro
544 3271 565 3320 B

162 3525 300 3572 Quintillum!
314 3526 379 3581 deoL,
393 3527 430 3570 od.
446 3528 535 3574 morer.
913 3512 955 3562 Ἣ
