2386 3816
161 141 225 207 208
525 137 751 205 contriciam

160 308 279 390 potest,
302 304 366 368 nisi
389 303 474 388 quod
497 304 616 368 tacitus
635 304 764 388 probat.
795 323 856 368 nec
873 302 955 368 hacc
973 301 1009 367 in
1028 302 1128 368 nobis

161 399 289 458 tantum
322 393 532 476 comparatio.
582 396 673 458 muta
706 391 863 457 animalia
895 391 924 456 si
955 390 991 456 in
1023 413 1129 456 unum

162 482 383 565 conferantur,
411 501 531 566 genera
558 484 668 546 tamen
697 480 841 547 coibunt.
887 479 1012 546 amicus
1036 480 1129 546 illius

162 571 268 655 fuisti,
293 592 366 636 cum
389 570 458 635 illo
471 571 534 635 tibi
557 571 643 636 seria
664 591 702 636 ac
719 569 796 635 ioci:
817 591 886 635 non
903 574 1000 655 potos
1020 568 1129 636 videri

24 713 30 726 .
127 677 229 726 cnon
254 660 425 744 probasse,
452 680 533 744 quoe
558 681 626 725 non
651 657 822 745 ignorasti.
867 658 991 723 amicus
1014 659 1130 744 prodi-

162 750 244 815 toris
272 749 374 815 fuisti
418 750 492 833 plus
523 751 573 814 ert
601 747 677 832 hoc,
710 770 808 833 quam
832 748 860 814 si
883 747 1018 831 dixeris,
1052 769 1130 814 con-

164 839 266 904 scium
285 842 318 903 te
337 838 446 904 fuisse.
472 837 538 922 „At
557 837 608 903 bis
624 840 732 903 tortus
747 837 924 922 pernegari
940 835 968 905 .“
996 835 1130 902 Reddas

164 928 259 995 nobis
281 928 456 1012 rationem,
479 949 578 1010 quare
602 927 651 991 illi
674 927 797 993 amicus
820 929 993 1011 tantopere
1016 925 1130 992 fueris.

164 1017 298 1103 dignum
332 1038 384 1082 me
415 1015 545 1081 hercule
578 1017 763 1102 exemplum
795 1014 881 1100 quod
907 1015 1002 1080 fieret
1029 1014 1067 1080 in
1094 1037 1130 1081 re

112 1123 144 1172 10
163 1107 363 1172 honestiore:
377 1109 423 1191 tu,
436 1127 477 1170 ne
490 1105 547 1170 ille
562 1105 702 1191 amplius
716 1108 932 1190 torqueretur,
945 1104 1130 1188 periculum

163 1196 278 1280 capitis
313 1195 443 1280 subisti3
476 1196 544 1281 ille,
577 1216 618 1259 ne
646 1199 679 1260 te
708 1195 907 1280 nominaret,
938 1194 990 1259 bis
1019 1197 1129 1260 tortus

163 1288 221 1350 est.
245 1284 301 1368 qui
323 1304 390 1348 non
410 1283 535 1350 indicat
548 1283 767 1368 <conscium>,
790 1283 963 1349 confitetur
985 1283 1130 1349 amicum

165 1373 274 1437 fuisse.
306 1372 378 1456 „bis
401 1376 509 1438 tortus
531 1373 694 1459 negavit“
724 1373 813 1438 nihil·
833 1371 939 1438 dicam
962 1372 1002 1437 dc
1023 1372 1130 1438 varie

165 1464 233 1525 tate
251 1465 502 1527 tormentorum:
520 1462 665 1528 nondum
684 1465 754 1528 erat
771 1465 889 1540 tortus,
908 1461 965 1547 qui
979 1461 1131 1546 torqueri

113 1567 146 1616 ¹⁶
164 1553 304 1704 {ddi
326 1551 517 1706 ..itit
530 1551 687 1707 ttttt
700 1550 830 1726 titt&
843 1573 959 1706 iffi
977 1551 1131 1706 ituit·

165 1728 241 1813 bus,
270 1732 307 1793 ot
338 1729 431 1795 facile
465 1733 516 1795 ert
545 1729 674 1815 integro
708 1751 805 1796 sensu
836 1729 992 1813 perferre,
1029 1663 1129 1815 diam

167 1818 267 1884 semel
285 1818 437 1903 indueris,
459 1819 713 1904 persuasionem.
745 1819 819 1885 ideo
840 1840 892 1884 ars
911 1819 1047 1884 inventa
1064 1821 1130 1885 est:

165 1907 242 1972 illae
260 1911 414 1993 torquent
429 1911 607 1974 nocturnae
623 1908 850 1997 cogitationes,
868 1908 929 1974 illa
941 1907 1129 1973 recordatio

113 2013 147 2062 20
165 1998 431 2082 praeteritorum,
457 1997 518 2062 illa
546 1999 729 2083 expectatio
760 1997 955 2063 futurorum.
994 1997 1055 2061 illa
1079 2001 1131 2062 est

167 2083 463 2171 quaestio‘gravis,
494 2107 566 2152 oum
589 2087 723 2153 vulnera
746 2087 936 2170 caeduntur,
959 2108 1034 2150 cum
1056 2108 1130 2172 per·

167 2195 299 2239 suasum
323 2179 373 2241 est
392 2176 510 2258 animo,
532 2177 660 2241 nullum
679 2198 749 2242 csso
768 2177 865 2241 finem
879 2178 1131 2267 tormqntorum.

166 2285 234 2328 non
255 2264 357 2350 igitur
378 2268 512 2349 peracto
534 2266 682 2350 quaestio
705 2266 777 2331 fuit.

232 2352 332 2420 Ducit
368 2376 420 2420 mc
452 2354 630 2440 indignitas
662 2354 719 2420 rei.
773 2377 932 2421 venenum
966 2354 1130 2438 proditori

114 2456 149 2507 25
168 2441 295 2510 dedisti.
349 2444 414 2510 nisi
448 2444 539 2509 aliud
571 2445 694 2510 crimen
725 2466 947 2529 occupassem,
979 2444 1131 2510 veneficii

167 2553 361 2598 accusarem.
392 2554 551 2599 venenum
570 2535 708 2619 paravit,
731 2534 856 2617 habuit,
879 2532 978 2598 dedit.
1015 2536 1050 2598 et
1064 2533 1131 2619 pri·

167 2642 255 2686 mum
282 2622 344 2688 hoc
374 2621 527 2688 invadere
550 2623 644 2689 liber:
678 2622 762 2688 unde
784 2624 847 2688 tibi
869 2621 1053 2688 venenum?
1089 2622 1130 2688 ad

167 2730 247 2792 quos
277 2733 371 2777 casus
399 2711 548 2796 parasti?
594 2712 640 2777 sic
667 2712 747 2777 illud
775 2711 933 2796 habuisti,
959 2717 1129 2798 tamquam

166 2799 272 2881 possis
291 2800 361 2885 ipse
379 2800 533 2886 torqueri.
566 2821 635 2887 age,
658 2801 801 2866 nondum
822 2800 940 2867 invado
959 2803 1130 2886 tamquam
1173 2855 1175 2860 ,

114 2901 148 2953 30
166 2886 378 2976 proditorem3
397 2890 531 2956 interim
551 2911 612 2975 ago
631 2893 740 2956 tecum
754 2891 967 2976 magistratus
981 2890 1130 2956 nomine:

64 3027 68 3034 .
166 2995 222 3040 our
249 2977 286 3041 in
313 2979 493 3046 custodiam
524 2980 700 3064 irrupisti?
734 2980 851 3065 quibus
875 2978 1043 3064 suppliciis
1067 2979 1130 3044 hoc

237 3122 249 3169 1
271 3117 364 3172 tactus
382 3123 403 3170 Β
428 3122 437 3189 ss
459 3119 540 3176 vobis
556 3123 578 3172 B
597 3120 607 3190 ΙΙ
629 3125 645 3174 2
665 3121 776 3176 tantum
794 3137 845 3176 om.
865 3125 905 3175 Aa
922 3121 932 3189 ΙΙ
952 3125 1023 3175 2-3
1043 3135 1129 3174 unum

166 3189 277 3244 tantum
296 3189 368 3245 conf.
386 3195 407 3242 B
425 3192 435 3261 [1
452 3196 468 3245 t
487 3207 572 3260 quem
590 3196 651 3259 AB,
676 3208 745 3248 corr.
762 3192 809 3248 ’Ro
827 3193 836 3262 lt
859 3199 873 3248 '1
892 3189 1130 3262 *reddis(?)1112

165 3293 349 3370 (conscium)
367 3297 411 3354 Ro
430 3299 439 3368 lt
460 3303 492 3353 15
517 3264 670 3368 qairmg
689 3301 782 3370 Δ1116
801 3301 921 3368 poterat.
948 3297 1001 3353 illa
1019 3297 1130 3366 questio

166 3368 343 3451 essetquam
361 3369 410 3440 qui
428 3370 495 3426 visti
512 3375 533 3422 Β
556 3371 566 3439 ΙΙ
590 3375 623 3425 18
642 3369 708 3426 iodo
727 3375 767 3423 Aa
789 3373 798 3442 ΙΙ
820 3377 856 3425 24
875 3372 944 3425 duce
962 3374 983 3421 Β
1003 3372 1013 3441 ΙΙ
1032 3375 1066 3425 31
1087 3369 1131 3423 in-

160 3445 292 3509 rumprstr
310 3445 352 3494 Aa
