2386 3816
343 186 662 246 DECLAMATIONES.
683 189 797 246 ccam.
1013 192 1055 258 37

92 349 239 415 deforme
271 350 425 416 habitura
452 352 566 418 civitas
595 352 671 437 fuit,
702 352 810 419 dedito
840 351 891 440 (ut
921 356 1057 421 subinde

92 438 217 525 dicitis)
240 440 456 524 tyrannicida,
478 440 510 505 id
533 462 629 507 omne
651 463 723 507 mea
741 445 912 528 rogatione
931 443 1058 510 detrac-

92 532 164 594 tum
189 531 252 615 est3
284 528 373 594 omni
395 530 518 614 pudore
548 529 677 596 liberati
702 531 796 596 estis:
828 533 969 598 invitum
991 556 1057 599 non

92 617 355 702 dc<di>dissetis3
371 618 456 702 quod
468 619 509 685 ad
519 641 577 685 vos
591 619 743 704 pertinet,
757 620 880 687 bellum
894 622 1057 707 suscipere

92 706 267 775 maluistis.
313 706 368 772 sed
391 705 454 773 hoc
477 711 529 773 est
550 708 737 792 praecipue,
765 730 864 792 quare
888 731 948 796 ego
972 711 1057 777 hanc
1076 727 1092 774 5

91 795 178 863 ferre
211 795 345 863 debeam
377 796 592 882 rogationem.
638 817 699 884 epo
731 819 791 882 pro
821 798 952 864 civitate
987 804 1057 865 tam

92 889 203 970 grata,
234 906 293 968 pro
321 885 444 971 populo
476 884 552 970 tali,
583 907 648 953 non
676 887 791 955 subibo
824 887 1058 972 qualecumque

90 973 295 1059 periculum?

162 1061 226 1128 Sed
248 1083 314 1129 non
337 1063 445 1130 solnm
467 1063 515 1128 rei
537 1063 702 1148 publicae,
728 1084 840 1129 verum
862 1065 963 1144 etiam
985 1087 1059 1130 mea

95 1153 245 1235 interest,
268 1151 353 1217 hanc
374 1151 475 1236 recipi
497 1152 712 1237 rogationem.
744 1174 839 1237 quem
858 1153 957 1219 vultis
973 1155 1059 1219 enim
1079 1167 1111 1216 10

94 1242 209 1325 ponite
233 1244 398 1306 eventum:
421 1240 601 1325 periculum
624 1239 706 1305 mihi
729 1242 845 1306 mortis
868 1245 926 1308 est
959 1242 1058 1326 quid?

94 1349 156 1415 ego
184 1349 250 1394 non
278 1329 358 1394 satis
388 1329 477 1394 vixi?
518 1351 585 1394 non
617 1330 703 1394 enim
733 1351 893 1396 annorum
924 1352 1058 1396 numero

92 1439 153 1484 neo
187 1417 293 1502 spatio
327 1418 445 1483 aetatis
478 1418 648 1483 terminari
679 1423 804 1484 certum
837 1424 887 1485 est
923 1420 1059 1486 fortium

93 1507 239 1572 virorum
261 1507 373 1592 vitam,
396 1507 452 1572 sed
474 1507 570 1573 laude
593 1514 626 1573 et
648 1507 737 1573 fama
756 1512 789 1573 et
806 1512 984 1593 perpetuae
1001 1531 1059 1592 po·

94 1595 254 1663 steritatis
272 1595 529 1664 immortalitate.
563 1595 616 1663 Ita
634 1595 680 1664 dii
697 1595 830 1678 faciant,
852 1601 890 1663 ut
904 1618 1059 1682 magnum
1079 1611 1112 1659 15

93 1683 525 1858 :ittdltdltltt
539 1685 638 1842 tt
651 1686 893 1842 stall&
918 1687 1060 1840 sisti·

41 1824 46 1831 ·
313 1825 321 1842 ·
1051 1825 1060 1859 r

93 1866 133 1928 ut
175 1861 428 1948 tyrannicidium
471 1884 579 1932 meum
626 1863 731 1928 maius
769 1863 821 1928 sit.
881 1863 937 1927 sed
977 1862 1059 1928 illud

93 1951 229 2020 interim
259 1973 387 2037 vercor,
418 1973 459 2021 ne
486 1955 647 2037 tyrannus
675 1971 713 2015 ex
740 1971 792 2014 me
819 1954 911 2037 petat
938 1951 1060 2016 famam

93 2040 251 2114 lenitatis.
295 2040 396 2106 habet
423 2041 509 2106 enim
533 2040 618 2126 apud
641 2039 746 2107 malos
770 2060 896 2124 quoque
920 2039 1059 2105 multum
1079 2053 1114 2103 ac

96 2129 303 2199 auctoritatis
331 2130 450 2219 virtus,
483 2132 517 2197 et
545 2128 684 2197 forsitan
710 2126 773 2194 hoc
801 2127 857 2194 ille
887 2128 1060 2195 ambitiose

93 2218 209 2305 faciet,
243 2221 281 2285 ut
311 2220 475 2308 potestate
506 2220 679 2286 contentus
712 2217 764 2284 sit.
816 2217 973 2303 quidquid
1001 2222 1061 2304 est,

93 2308 206 2374 rideat
234 2329 286 2376 me
314 2312 348 2374 et
369 2307 427 2376 illa
449 2306 564 2374 civitas
588 2306 708 2373 vicina:
738 2306 878 2371 multum
902 2306 970 2373 illis
994 2327 1060 2371 ser·
1156 2337 1160 2344 ·

94 2397 261 2465 cientibus
293 2395 441 2482 prodero.
493 2396 636 2478 videant,
668 2417 731 2482 quo
763 2397 856 2462 vultu
883 2400 1060 2481 tyrannum

95 2485 209 2569 feram,
227 2507 326 2570 quam
339 2485 508 2553 interritus
522 2484 681 2552 tribunali
694 2484 762 2551 eius
778 2483 945 2568 adsistam,
962 2505 1060 2568 quam
1080 2498 1113 2546 25

94 2596 148 2643 me
169 2573 253 2643 nihil
276 2575 394 2659 minae,
415 2573 499 2640 nihil
522 2596 560 2638 su
583 2573 681 2658 plicia
703 2573 776 2658 ipsa
795 2576 957 2639 moveant.
977 2577 1059 2658 ,pot-

96 2667 156 2766 est
166 2663 248 2748 fieri,
270 2667 308 2732 nt
331 2662 519 2730 exhortetur
536 2597 614 2728 ilios
631 2661 686 2727 hic
705 2662 833 2728 animus
856 2683 957 2747 mens,
978 2661 1060 2728 haec

94 2773 168 2821 mea
200 2774 301 2821 mens.
346 2750 451 2818 Vobis
480 2750 610 2838 quidem
642 2751 806 2816 custodire
833 2772 962 2836 pacem,
988 2750 1060 2816 red-

95 2842 170 2907 dere
198 2841 341 2926 quietem
371 2840 476 2905 maius
504 2839 577 2926 ipso
605 2839 825 2927 tyrannicidio
853 2842 942 2925 puto.
983 2860 1059 2903 nam

95 2932 123 2996 si
150 2930 272 2996 bellum
300 2929 463 3014 imminet,
496 2931 525 2993 si
557 2929 735 3014 pericnlum
763 2929 916 2994 universa
943 2928 1059 2993 civitas
1078 2943 1113 2993 30

94 3020 208 3088 habet:
235 3019 322 3105 qnod
345 3019 447 3103 illum,
470 3019 561 3084 cuins
583 3018 714 3085 nomine
739 3017 821 3083 mihi
843 3017 968 3104 gratias
992 3017 1058 3102 agi-

94 3110 149 3195 tis,
172 3108 284 3194 occidi,
306 3108 482 3174 maximam
505 3107 598 3173 robis
621 3107 775 3173 iniuriam
798 3106 870 3171 feci.

166 3290 183 3365 β
204 3299 300 3339 omne
318 3287 341 3336 A
354 3285 365 3354 fl
377 3291 395 3338 4
409 3281 628 3357 de<di>dissetis
642 3281 679 3336 R
691 3283 701 3351 ΙΙ
717 3287 749 3338 16
758 3281 939 3363 posteritatis
946 3286 986 3363 Aa
999 3283 1009 3349 u
1024 3285 1057 3334 1'1

94 3354 346 3495 iidlindafiigittid
357 3354 482 3484 opplent
499 3359 519 3407 B
538 3358 548 3425 ss
565 3359 600 3409 28
619 3370 683 3409 mea
700 3369 750 3409 cm.
770 3355 859 3423 11131
881 3355 992 3423 sagittn
1011 3367 1058 3405 oo-
