2386 3816
456 180 673 239 PRAEFATIO.
976 177 1041 235 XXI

77 344 117 391 an
139 330 427 393 eundemeodieem
455 332 572 407 duplici
589 331 674 408 signo
698 331 900 393 notaverimus
922 352 942 388 α
965 333 997 389 et
1019 329 1045 407 Ι,

76 429 134 489 hoo
167 431 228 508 est,
264 447 303 488 an
335 448 370 487 ex
405 429 508 488 eodem
540 428 704 506 exemplari
733 427 902 504 descriptus
938 427 1044 486 haberi

76 527 177 603 possit
202 527 231 590 A
261 528 292 586 et
318 527 395 587 liber
423 525 576 603 Campani.
621 526 664 586 At
690 525 741 586 vix
766 526 892 602 poterit,
920 527 955 583 ut
982 525 1043 601 opi·

77 642 147 683 nor:
181 625 241 683 nisi
272 624 351 685 forte
383 623 420 682 ad
452 624 482 682 id
510 624 711 699 confugimus,
744 624 892 699 accepisse
920 620 1043 697 Campa·

77 741 153 787 num
188 714 261 802 (vei
288 713 550 801 Piooolominium)
587 722 699 782 librum
730 740 790 782 non
825 721 975 796 integrum
1012 722 1044 779 ot

78 819 269 899 intercidisse
305 819 408 896 aliqua
440 819 511 879 dnm
544 819 622 879 liber
652 837 689 879 ex
723 817 901 878 Germanias
937 817 1043 876 biblio·

78 916 169 979 noea
204 915 387 977 transfertur
421 916 452 974 in
484 914 654 978 Senensem.
699 915 823 992 integer
857 914 936 973 enim
966 913 1044 972 liber

80 1014 194 1075 sinon
221 1013 290 1088 pius
315 1014 378 1073 136
407 1004 471 1093 (vel
496 1005 576 1092 137)
604 1012 836 1074 declamationes
865 1011 1043 1084 continebat,

79 1112 115 1171 nt
138 1111 306 1186 descriptus
329 1111 484 1185 ritaret,
511 1110 659 1172 recentior
682 1113 748 1170 erat
772 1128 862 1186 quam
883 1109 925 1183 A3
954 1113 987 1167 at
1009 1108 1043 1167 li-

79 1213 166 1269 terae
186 1207 266 1282 eins,
289 1207 315 1268 si
336 1209 485 1268 credimus
509 1207 674 1284 Campano,
698 1210 785 1268 erant
807 1207 1042 1282 antiquissimae,

80 1307 113 1364 et
134 1305 218 1366 haud
234 1304 327 1367 -feeile
349 1307 551 1381 persuaserim
574 1305 648 1365 mihi
671 1306 750 1364 huno
768 1305 875 1381 virum,
899 1303 951 1380 qui
968 1304 1045 1362 mul·

81 1406 145 1479 tus,
168 1405 205 1463 ut
227 1403 374 1478 epistolae
397 1403 461 1463 eius
484 1404 601 1479 docent,
626 1406 693 1464 erat
706 1403 737 1463 in
755 1402 841 1463 libris
859 1421 950 1462 mann
970 1401 1040 1462 scri-

83 1500 145 1575 ptis
173 1499 346 1562 evolvendis
374 1503 405 1560 et
431 1500 614 1561 exsatiendis
642 1503 674 1560 et
700 1518 818 1561 summa
843 1499 933 1559 laude
963 1499 1043 1573 apud

65 1599 224 1674 'aequales
256 1597 394 1671 florebat,
428 1597 502 1657 adeo
531 1597 666 1673 potuisse
693 1597 774 1673 faui,
806 1601 840 1656 ut
861 1589 898 1657 Χἱ
920 1597 969 1658 vel
992 1589 1045 1654 XF

85 1688 171 1755 sasso.i
194 1712 316 1755 manum
339 1693 487 1755 iudicaret
514 1695 680 1755 Romanam
707 1698 740 1754 et
766 1713 862 1771 paene
889 1695 1044 1769 aequalem

81 1792 141 1868 ipsi
163 1790 357 1861 Quintiliano.
399 1790 494 1852 Plena
522 1792 617 1867 igitur
643 1791 700 1853 hao
727 1792 833 1852 tabule
856 1808 972 1868 omnes,
1008 1792 1045 1850 de

82 1889 192 1966 quibus
223 1888 335 1950 certius
367 1887 484 1965 aliquid
515 1890 584 1950 seiri
616 1891 730 1967 potest,
767 1890 883 1950 oodiees
915 1906 1045 1964 eompre-

82 1986 225 2048 hendam:
238 2055 243 2060 ¹

255 2526 258 2533 ‚
371 2448 401 2505 A
428 2504 431 2509 ,
455 2449 528 2524 Agr.
553 2447 655 2598 Οαῖηρ.
678 2449 736 2527 Ug.

533 2613 660 2722 (tm-B
685 2665 742 2724 eto.

150 2847 257 2907 Plures
281 2846 360 2908 inter
382 2848 397 2908 I
421 2851 452 2908 et
474 2870 494 2908 α
517 2852 607 2925 atque
625 2849 646 2926 β
663 2849 853 2926 interponere
876 2849 988 2922 literas,
1010 2852 1045 2907 ut

83 2945 205 3023 longius
223 2944 306 3006 absit
327 2946 534 3024 archetypum,
551 2946 627 3006 nihil
640 2947 758 3006 attinet.
772 2978 813 2987 -
829 2946 888 3016 Qui
902 2944 1046 3021 Campani

84 3048 117 3104 et
137 3043 262 3121 Ugoieti
284 3043 377 3103 libros
400 3043 586 3120 discernunt,
607 3044 695 3104 facile
716 3045 816 3119 illam,
841 3063 929 3120 qnam
953 3063 1045 3119 supra

84 3141 127 3201 eis
163 3141 291 3218 adposui
319 3141 468 3216 tabulam,
498 3141 622 3201 adiectis
656 3141 686 3219 Ι,
708 3165 742 3220 α,
763 3143 791 3200 A
825 3134 871 3221 (et
898 3137 932 3220 β)
964 3141 1044 3200 notis

84 3239 275 3316 supplebunt.
673 3239 680 3258 ‘
884 3260 887 3266 ¹

145 3355 340 3429 Editiones
368 3356 514 3432 priores
539 3357 685 3433 qnantum
708 3354 840 3433 reperire
862 3355 966 3434 potuix
988 3354 1048 3412 nas

86 3454 172 3511 sunt:
215 3484 218 3489 ›
