2386 3816
112 114 194 206 xiiu
487 151 703 207 PRAEFATIO.

115 303 200 360 1494
223 301 431 361 Parmensis
455 301 619 378 Ugoleti,
641 302 677 360 de
702 321 762 377 qua
785 321 875 377 supra
899 294 981 383 (pag.
1001 301 1076 361 XIV

224 390 303 476 sqq.)
326 399 477 474 copiosius
501 400 637 459 disserui.

224 496 366 570 Repetite
401 500 447 557 est
477 499 560 556 1509
591 496 714 557 Parisiis
742 496 821 572 apud
850 497 898 556 Jo.
921 496 1078 556 Parvum

223 583 345 673 (Petit).

115 692 199 751 1563
224 690 397 750 Parisina
419 690 588 767 Aerodii,
615 691 698 768 typis
720 691 791 751 Frd.
814 691 932 751 Morelli
959 709 1078 766 exousa,

225 789 289 848 sola
322 787 492 847 Parmensis
522 780 568 869 (et
590 788 743 848 Parisinus
771 789 853 847 illius
877 781 983 868 Parvi)
1011 807 1078 869 ope,

225 886 277 945 sed
296 904 414 944 summa
431 903 500 944 oum
519 885 684 960 sagacitate
698 886 862 945 constituta
880 905 899 944 a
916 883 982 945 viro
1000 885 1077 944 iuris

223 984 406 1060 peritissimo
442 985 487 1058 et,
524 1000 704 1057 quamquam
739 1000 850 1057 pauoos
882 985 951 1057 post
983 1000 1078 1042 annos

225 1080 385 1139 obscurata
408 1083 464 1139 est
487 1078 566 1138 edito
589 1097 643 1155 per
665 1079 824 1139 Pithoenm
847 1079 947 1139 oodioe
970 1079 1011 1155 A,
1038 1098 1077 1137 ne

224 1177 313 1237 hodie
347 1177 467 1253 quidem
493 1176 617 1237 inutilis.
665 1175 723 1246 Qui
754 1195 822 1236 oum
851 1176 1009 1235 Parmensi
1032 1177 1077 1234 in·

225 1276 360 1335 stituerit
387 1275 639 1350 comparationem
660 1275 710 1333 vel
733 1274 814 1333 loeos
837 1273 1002 1333 attenderit
1025 1291 1077 1332 eos

224 1372 276 1448 qui
303 1372 369 1447 pari
396 1372 429 1430 in
456 1373 556 1432 oodioe
577 1372 607 1431 A
635 1375 726 1447 atque
754 1370 786 1430 in
812 1370 942 1429 editione
965 1370 989 1428 P
1013 1389 1077 1429 551-

167 1506 180 1515 ··
222 1469 343 1546 ruptela
370 1469 522 1545 laborant,
549 1487 610 1529 non
632 1469 716 1528 tenui
739 1468 828 1527 laudo
851 1467 975 1545 dignum
999 1486 1075 1542 opus

224 1566 311 1626 fooile
333 1566 536 1642 profitebitur.
582 1557 633 1646 (of.
652 1558 752 1647 V**).
1085 1566 1089 1574 '

222 1664 363 1740 Repetita
384 1664 458 1723 haee
481 1664 572 1724 editio
595 1666 643 1724 est
665 1663 870 1724 Mediolani
894 1665 989 1723 1619.

116 1763 202 1822 1580
225 1759 568 1838 ParisinaPithoei,
597 1760 678 1837 apud
701 1761 837 1820 Mamert.
868 1760 1007 1819 Patisson
1026 1779 1075 1820 ex-

224 1877 308 1934 ousa,
332 1876 408 1933 quae
432 1857 496 1916 sola
518 1861 639 1933 praeter
662 1857 855 1917 Parmensem
877 1857 985 1916 nititur
1003 1858 1076 1917 libri

224 1955 421 2030 manuscripti
443 1954 501 2013 fide
526 1956 628 2015 stilla
647 1954 767 2031 quidem
786 1954 891 2029 optimi
909 1953 1017 2013 oodiois
1037 1954 1074 2030 A,

223 2052 485 2127 Montepessuluni.
529 2052 630 2112 Habet
658 2054 689 2111 et
720 2051 843 2111 habebit
871 2050 983 2126 aliquid
1012 2071 1075 2112 mo·

223 2149 326 2223 menti,
349 2167 416 2208 cum
440 2151 518 2225 quod
542 2149 772 2226 diligentissime
795 2152 897 2208 seouta
920 2152 967 2208 est
985 2151 1075 2209 retus

224 2247 390 2322 exemplum
409 2249 475 2304 tum
499 2246 686 2322 quodetiam
707 2246 835 2322 plimam
854 2246 938 2305 illam
965 2247 1074 2306 oodiois

223 2344 365 2420 peginam
386 2344 583 2419 transcripsit,
603 2343 687 2403 ouius
711 2343 799 2403 hodie
820 2363 858 2402 ne
876 2362 937 2402 una
955 2343 1077 2419 quidem

223 2443 312 2502 litera
344 2442 478 2519 dignosoi
509 2445 617 2517 potest.
627 2435 659 2522 *)
707 2441 854 2519 Adiungit
884 2441 1075 2503 declamatio-

223 2541 312 2600 nibus
336 2538 489 2615 Oalpurnii
513 2539 613 2599 Fluooi
636 2541 675 2598 51
703 2541 843 2615 excerpta
867 2542 898 2598 51
920 2538 1076 2616 dialogum

223 2638 259 2696 do
298 2638 476 2697 oratoribus.
522 2636 661 2695 Summae
692 2637 808 2712 aliquot
839 2637 967 2713 paginae
995 2637 1075 2696 notis

226 2736 321 2810 datae,
341 2735 450 2811 quibus
465 2737 518 2793 aut
531 2733 757 2810 perscribuntur
776 2733 884 2792 oodiois
903 2733 1004 2810 verba,
1022 2735 1076 2794 ubi

227 2832 299 2908 quid
326 2850 418 2909 supra
447 2834 611 2893 oorreotum
640 2834 687 2889 est
715 2831 752 2889 ab
779 2830 905 2906 editore,
934 2833 987 2888 aut
1014 2850 1075 2890 ser·

223 2930 301 2988 vatis
329 2929 373 2988 ita
400 2930 435 2988 ut
461 2927 575 2988 tradita
597 2927 628 2985 in
656 2927 683 2986 A
707 2930 777 2987 sunt
799 2928 1076 3001 verbisadduntur

224 3025 421 3085 coniecturae.
451 3024 636 3101 Diligentius
654 3025 777 3086 editoiis
791 3025 883 3085 etiam
897 3025 971 3085 haeo
985 3023 1075 3103 argu·

223 3125 333 3182 menta.
371 3122 429 3182 Sed
450 3125 553 3182 tumen
572 3121 760 3182 desideratur
779 3141 814 3183 ea
833 3123 994 3199 subtilitas,
1014 3143 1074 3200 qua

224 3220 275 3296 qui
302 3219 389 3280 hodie
418 3220 540 3280 editoris
568 3239 690 3279 munere
713 3220 849 3297 fungitur
872 3221 918 3280 uti
940 3240 995 3295 par
1018 3226 1074 3282 est.

184 3355 210 3424 ³⁸)
230 3355 328 3423 ltaque
347 3369 419 3423 quae
439 3371 471 3435 ex
485 3355 662 3410 Pithoenana
680 3354 815 3435 depromo
827 3354 937 3435 primae
951 3356 1074 3425 paginae

112 3426 205 3493 verba,
224 3443 280 3480 non
299 3424 331 3494 A,
352 3424 452 3480 sedP1
471 3424 552 3497 signo
571 3426 600 3480 in
620 3427 758 3495 apparatu
777 3427 876 3481 5111155
896 3426 1000 3480 notavi.
