2386 3816
170 156 236 222 270
535 152 766 218 QUINTILIANI

169 341 257 404 pore.
312 341 388 383 nem
422 322 455 383 et
487 318 673 404 praesentia
705 317 848 383 numinis
881 316 965 400 eius,
998 315 1038 382 de
1074 337 1142 401 quo

171 408 289 493 egitur,
313 406 493 492 adprobate
516 410 575 472 est.

485 581 815 650 DECLAMATIO.

236 706 324 774 Deos
352 707 543 773 inmortales
571 729 682 773 omnes
711 707 855 792 quidem,
886 707 1064 792 praecipue
1093 712 1142 774 te·

135 813 150 863 5
168 818 244 863 men
266 818 388 862 numen
406 800 439 861 et
458 796 538 861 mihi
556 797 696 862 maxime
714 795 876 861 familiare
894 799 937 879 et,
960 795 1046 861 sieut
1066 819 1140 882 pre

169 887 255 951 xime
282 886 406 971 experti
431 907 555 970 sumus,
587 885 905 971 praesentissimum,
927 846 1138 970 iudicesin-

169 996 249 1041 voco
274 978 350 1040 ente
373 975 496 1040 omnia:
525 977 563 1039 ut
586 974 614 1039 si
636 976 787 1057 respectu
811 995 993 1058 sacrorum,
1016 973 1046 1038 si
1070 974 1136 1059 pie

169 1067 249 1148 tete,
281 1064 310 1128 si
342 1063 501 1149 religione
529 1062 600 1130 sole
631 1063 708 1128 duct
693 1066 747 1127 tus
779 1061 840 1128 feei
876 1062 963 1149 quod
993 1061 1140 1127 obicitur

156 1153 259 1236 mihi,
276 1153 379 1217 velint
397 1151 584 1236 inpunitum
602 1172 672 1217 esse
691 1151 869 1217 sacerdotis
888 1150 1046 1236 officium3
1070 1156 1138 1216 tum

118 1258 150 1306 10
171 1239 271 1326 (quod
299 1263 351 1306 me
379 1240 554 1326 aliquando
583 1239 761 1306 sollicitum
788 1237 903 1326 hebet)
935 1259 976 1304 ne
1009 1261 1139 1325 aspere,

169 1350 209 1394 ne
241 1332 326 1394 irate
353 1329 437 1394 hane
464 1329 575 1394 iudicii
601 1328 720 1394 faeiem
749 1328 871 1394 intueri
902 1327 1069 1413 veli<n>t,
1101 1329 1138 1394 in

170 1440 234 1501 que
262 1418 379 1501 cepitis
403 1418 545 1501 periculo
569 1417 684 1502 luitur,
712 1417 798 1502 quod
821 1417 981 1502 templum
1006 1417 1137 1483 dedice-

168 1509 240 1569 tum
264 1511 322 1570 est.
360 1528 417 1572 oro
441 1505 541 1591 igitur
564 1509 663 1592 etque
686 1507 843 1592 obtestor,
866 1507 895 1572 si
917 1506 990 1570 fieri
1012 1510 1139 1590 potest,

169 1616 209 1658 ne
233 1595 379 1659 damnari
402 1616 454 1659 me
477 1595 593 1674 velint3
618 1595 785 1678 siminus,
808 1616 849 1660 ne
868 1595 1039 1661 vindicari:
1063 1599 1138 1661 tue-

119 1700 151 1748 15
171 1685 329 1766 enturque
353 1683 520 1750 civitatem
544 1685 580 1749 in
598 1683 668 1767 hee,
691 1706 789 1768 quam
807 1683 903 1749 modo
921 1683 1043 1749 hebere
1065 1705 1140 1750 eoe-

169 1772 292 1857 pimus,
318 1794 406 1855 paee.
452 1773 551 1838 immo
580 1795 656 1839 vero
684 1771 769 1838 hene
792 1773 911 1856 vestiis
935 1772 1056 1837 animis
1080 1794 1140 1838 vo-

169 1861 343 1946 luntetem‚
371 1861 434 1927 hoe
460 1862 665 1945 propositum
688 1862 807 1927 mentis
829 1861 1003 1946 inspirent,
1030 1883 1075 1926 ne
1100 1883 1139 1927 eo

169 1954 316 2033 tempore
340 1951 417 2016 deos
440 1950 568 2016 laedere
591 1950 708 2035 velitis,
732 1972 794 2035 que
814 1949 880 2015 illis
901 1951 967 2015 iem
987 1949 1138 2016 Alexan-

170 2038 227 2103 der
251 2039 419 2105 satisfecit.

116 2161 151 2210 20
238 2144 310 2229 Qui,
332 2144 463 2212 etiamsi
485 2145 608 2213 bellum
631 2149 744 2212 eontra
766 2167 826 2212 nos
850 2145 1008 2211 traditum
1031 2167 1071 2212 ec
1090 2167 1142 2211 re·

169 2233 283 2299 lictum
315 2255 334 2298 a
366 2236 459 2320 petre
492 2257 593 2321 usque
621 2235 778 2320 suscepit,
811 2235 940 2300 etiamsi
966 2256 1035 2302 nen
1065 2238 1138 2300 tem

168 2323 313 2409 proprie,
341 2344 439 2409 quem
469 2322 668 2390 hereditarie
690 2323 861 2390 nobiseum
886 2323 1036 2389 constitit
1060 2345 1140 2389 een·

169 2413 328 2497 tentione,
364 2411 475 2479 omnis
501 2415 612 2479 temen
640 2413 705 2479 elie
727 2412 847 2496 inpune
869 2411 1025 2478 faciebat:
1057 2412 1138 2478 dum

168 2523 220 2566 res
249 2501 335 2566 intre
363 2501 493 2566 eaedem
520 2501 690 2568 hominum
718 2502 828 2586 stetit,
861 2499 937 2566 dum
964 2501 1052 2567 intre
1082 2523 1138 2567 ve-

116 2605 150 2654 25
171 2590 328 2655 stationes
357 2610 510 2675 agrorum
534 2590 745 2676 (quemquem
767 2591 869 2656 tetius
893 2590 994 2655 saneti
1017 2611 1057 2654 ee
1080 2613 1136 2655 ve·

168 2678 324 2744 nerebilis
339 2676 427 2766 soli),
447 2679 585 2745 secunde
603 2700 655 2744 res
674 2682 798 2744 temen:
817 2700 854 2745 ee
868 2701 910 2743 ne
923 2679 983 2744 ille
998 2678 1138 2744 numine

169 2765 307 2850 quidem,
330 2789 412 2851 quae
436 2790 563 2853 semper
586 2766 742 2833 excubare
765 2767 915 2832 videntur
936 2789 996 2852 pro
1015 2771 1137 2833 nostre

169 2854 316 2938 civitate,
345 2855 425 2921 setis
454 2857 495 2922 ed
522 2857 678 2923 tuendam
705 2857 819 2922 urbem
846 2856 1047 2940 profuerunt
1099 2861 1138 2922 ut

168 2964 245 3008 vere
269 2943 378 3027 ignem
398 2946 498 3010 saeris
517 2945 676 3030 postibus,
697 2949 735 3011 ut
752 2945 873 3010 ferrum
891 2944 1143 3010 vetustissimae

241 3151 397 3208 lnominis
415 3157 455 3206 Ae
477 3154 487 3222 ΙΙ
509 3157 525 3207 5
548 3170 649 3209 nomen
669 3159 709 3208 Δι
730 3155 740 3224 ΙΙ
764 3157 830 3209 tut
848 3170 919 3223 resp.
938 3157 959 3206 Β
983 3156 992 3224 ΙΙ
1014 3154 1138 3224 pietatis

168 3228 228 3294 ΒΒ,
246 3242 315 3281 corr
334 3225 391 3279 Aer
405 3225 443 3294 {18
463 3223 557 3279 obitur
575 3228 650 3295 ΔΗΒ
669 3225 793 3294 veliti,
812 3225 941 3292 velun,
961 3241 1030 3282 corr.
1050 3227 1110 3280 Aer
1124 3228 1133 3295 l)

167 3312 241 3350 nune
260 3299 319 3362 ΑΒ,
338 3312 405 3352 corr.
427 3295 483 3361 θη·
501 3293 567 3350 hine
586 3296 630 3352 Ro
652 3297 662 3366 ΙΙ
686 3305 716 3352 11
738 3268 867 3369 veli<n>t
884 3297 942 3351 Aer
964 3298 974 3364 i
998 3302 1031 3351 18
1051 3296 1130 3366 quod

167 3366 207 3421 ill.
226 3370 256 3436 Β
275 3367 342 3436 quie
359 3366 399 3422 ill.
419 3371 509 3437 ΒΙΙΒΒ
529 3385 612 3436 quem
631 3385 682 3424 om.
701 3370 812 3438 Aetne
832 3367 885 3424 seli
897 3371 957 3437 ΑΒ,
975 3384 1044 3424 corr.
1057 3368 1132 3439 Obrt

167 3444 202 3494 26
221 3455 312 3495 vener
334 3456 426 3495 secun.
444 3433 619 3513 Bflnomine
636 3444 660 3493 Δ
