2386 3816
362 170 678 228 DECLAMATIONES.
702 170 818 229 ccclv.
1032 175 1074 238 41

125 338 291 418 contraque
322 354 406 418 eam,
435 355 518 418 quae
540 334 626 400 huno
648 336 685 399 in
707 336 839 401 exilium
862 336 975 402 misit?
1010 359 1075 403 non

121 419 182 487 inre
205 444 302 506 novo,
331 422 389 488 sed
412 429 520 489 vetere
544 427 641 508 atque
664 425 744 491 olim
768 426 947 492 constituto
970 449 1075 493 rever·

119 533 167 576 sus
188 516 248 595 est,
266 533 397 577 manere
414 512 514 577 etiam
528 512 612 578 citra
628 513 714 578 hanc
732 515 938 600 rogationem
956 520 1075 599 potest.

117 599 151 666 de
173 622 238 684 quo
257 601 446 686 priusquam
464 602 589 686 loquar,
611 602 795 668 necessario
813 602 905 688 illud,
928 604 1013 688 quod
1033 605 1075 669 ab

113 689 309 756 adversariis
336 689 597 774 frequentissime
625 691 790 757 obiectum
818 695 882 776 est,
914 692 1112 777 depellam-c>

113 778 190 843 dnm
204 779 340 846 videtur.
371 777 457 863 „Gur
479 780 576 863 enim,
598 779 759 864 inquiunt,
782 781 810 845 si
832 801 998 846 remanere
1017 804 1076 847 suo

110 869 182 933 iure
200 871 339 953 poterat,
358 869 541 952 expectavit
554 869 801 955 rogationem?“
823 869 871 937 Ut
884 869 1078 935 verecundia

111 956 141 1022 ei
170 957 251 1022 adeo
278 957 362 1022 nihil
390 957 476 1042 apud
502 979 561 1024 vos
588 959 708 1043 prosit,
737 962 775 1024 ut
798 958 896 1024 etiam
919 959 955 1024 in
979 979 1077 1024 causa

109 1046 290 1132 plurimum
324 1051 454 1112 noceat:
493 1051 570 1112 ante
602 1047 711 1112 omnia
746 1069 813 1114 non
839 1048 941 1114 miror
973 1046 1077 1112 homi·

109 1156 189 1199 nem
219 1135 339 1200 iudicia
373 1135 496 1201 totiens
529 1135 704 1201 infeliciter
737 1141 921 1220 expertum,
957 1140 1009 1202 tot
1039 1137 1075 1201 in
1096 1151 1132 1200 lo

114 1224 245 1288 civitate
268 1223 417 1290 inimicos
440 1224 630 1309 habentem,
663 1224 746 1290 nihil
768 1228 947 1310 temptasse
970 1225 1076 1309 priva·

110 1313 183 1378 tim.
217 1312 362 1398 litigavit
384 1312 538 1380 innocens
562 1336 650 1379 rens:
673 1314 845 1379 damnatus
868 1317 927 1379 est.
960 1312 1077 1379 detulit

112 1401 295 1467 adfectatae
317 1402 498 1487 tyrannidis
516 1424 608 1468 reum
628 1401 779 1490 (ut‘pars
798 1403 941 1468 iudicum
965 1401 1076 1490 putat)

112 1489 337 1556 manifestum:
364 1491 596 1575 impedimento
619 1492 768 1578 publicae
790 1491 1007 1558 humanitatis
1031 1493 1076 1556 vi-

113 1585 185 1646 ctus
200 1583 259 1645 est
281 1580 378 1646 hodie
396 1582 480 1646 citra
495 1582 700 1667 rogationem
719 1585 834 1647 contra
852 1583 903 1647 ius
920 1585 1076 1664 uestrum,
1097 1595 1132 1644 15

113 1673 228 1744 contra
264 1672 463 1753 potestatem
498 1671 612 1755 populi
647 1670 829 1756 pugnabit?
873 1670 929 1735 ille
965 1674 1077 1736 tamen

113 1758 196 1823 mihi
219 1758 310 1842 alias,
332 1762 375 1843 et,
396 1761 435 1824 ut
452 1757 527 1843 dixi,
549 1759 717 1846 graviores
735 1760 770 1824 in
789 1759 922 1824 exilium
936 1758 1077 1824 abeundi

114 1869 228 1914 musas
252 1847 380 1913 videtur
397 1847 559 1914 habuisse.
586 1841 760 1913 absolutus
776 1851 827 1913 est
845 1847 974 1932 quidem
993 1867 1077 1929 reus,

114 1938 171 2003 sed
189 1936 396 2003 innocentem
414 1957 449 2002 ss
468 1957 538 2002 esse
555 1938 736 2002 accusatori
750 1935 894 2002 nondum
907 1933 1077 2021 persuasit

114 2048 176 2113 ego
192 2047 285 2092 -vero
312 2047 380 2091 non
406 2026 521 2111 miror,
552 2025 638 2109 quod
665 2024 719 2090 hia
745 2025 842 2089 timet
869 2023 973 2090 adhuc
1002 2022 1081 2088 civi·
1097 2037 1134 2087 co

113 2117 192 2200 tatc',
231 2115 316 2200 quod
346 2114 437 2180 velut
467 2114 699 2200 inpendentem
730 2114 893 2199 quandam
926 2113 1077 2179 omnibus

112 2204 210 2271 nobis
237 2205 364 2270 ruinam
393 2204 555 2289 suffugere
584 2208 617 2270 et
645 2203 782 2288 evitare,
810 2202 894 2287 quod
917 2201 1079 2287 praevidit

114 2295 307 2380 periculum,
334 2294 436 2380 cupit:
469 2293 525 2360 sed
552 2296 646 2359 tanto
674 2293 780 2378 magis
807 2291 994 2357 retinendus
1018 2293 1077 2355 est.

113 2383 271 2449 Putemus
295 2382 420 2468 alioqui
442 2385 526 2449 citra
547 2381 754 2470 rogationem
772 2380 873 2446 talem
892 2379 1079 2445 institutam

114 2493 186 2538 esse
208 2473 325 2557 legem,
348 2472 453 2557 qualis
477 2477 572 2557 esset,
595 2471 624 2536 si
641 2470 694 2536 hic
712 2471 747 2534 in
764 2469 897 2535 civitate
911 2487 1079 2533 remanere
1098 2480 1135 2530 25

116 2562 226 2628 vellet.
270 2561 323 2626 lex
346 2562 424 2645 quid
447 2560 548 2626 dicit?
588 2559 677 2645 »qui
699 2562 892 2625 secretum
915 2557 961 2623 ad
984 2577 1080 2621 rern-

112 2651 312 2736 publicam
348 2650 551 2734 pertinens
583 2649 757 2714 indicare
788 2646 975 2731 voluerit,
1010 2644 1079 2709 ha·

113 2742 205 2806 beat
227 2739 455 2805 remanendi
477 2741 740 2825 potestatem«
784 2757 881 2802 nemo
908 2734 1080 2818 dubitabit,

115 2851 157 2895 an
182 2829 386 2896 indicaverit.

181 2917 293 2984 Verba
315 2918 418 3004 igitur
441 2917 525 3004 legis
543 2937 602 3001 pro
624 2916 720 2981 nobis
744 2914 867 2999 omnia,
890 2912 946 2978 sed
970 2911 1011 2976 ad
1034 2910 1081 2974 in·
1100 2925 1136 2975 ao

115 3008 385 3093 terpretationam
404 3004 582 3073 voluntatis
605 3026 768 3072 vocamur.
796 3026 857 3070 nec
876 3001 963 3068 enim
983 2999 1081 3083 scrip·

189 3188 207 3239 4
226 3183 303 3253 quod
320 3199 371 3238 om.
390 3187 413 3234 Δ
436 3183 444 3252 Η
462 3188 481 3236 9
497 3179 643 3236 bominum
662 3184 684 3232 Δ
703 3182 712 3248 fl
731 3185 766 3235 10
783 3175 888 3235 iudicia
906 3193 956 3233 om.
980 3180 1001 3228 B
1019 3177 1029 3243 n
1048 3179 1083 3228 13

117 3255 261 3311 adfectata
278 3256 309 3309 et
326 3256 372 3323 tyr
389 3254 527 3322 1131116
548 3253 645 3307 contra
663 3256 721 3318 ΔΒ,
739 3266 808 3308 corr.
827 3251 884 3305 Aer
897 3251 907 3318 ΙΙ
922 3255 955 3304 16
973 3262 1083 3316 pugna-

118 3325 163 3382 vit
178 3330 227 3378 AB
246 3329 255 3396 ΙΙ
274 3331 309 3380 20
327 3325 388 3380 tim.
407 3328 438 3380 at
455 3322 502 3380 hic
520 3327 540 3375 B
560 3326 620 3393 1121
641 3321 786 3378 dvitatm
805 3325 862 3389 AB,
881 3335 950 3375 corr.
970 3317 1082 3385 611Ιῖ5

120 3404 291 3468 caapcctatcr
308 3394 421 3466 ¹'qualis
440 3395 556 3450 deberet
574 3409 633 3450 esse
650 3391 698 3450 vel
716 3410 763 3466 qu.
782 3395 867 3464 esset,
882 3393 917 3446 nt
932 3389 964 3445 b.
979 3388 1002 3443 i.
1019 3403 1048 3444 a„
1061 3405 1088 3440 n„

112 3471 213 3538 posset
