2386 3816
187 141 251 207 156
552 137 783 204 omnrrurnnr

185 308 278 390 potes
302 307 391 369 tutus
416 323 485 368 esse
508 305 542 367 in
565 324 604 367 ea
623 303 761 383 civitate,
783 301 819 365 in
837 322 902 384 qua
918 299 1057 365 timeris.
1080 299 1192 375 »ni-0

187 393 234 458 hil
258 392 437 478 cogitastis<
464 393 579 476 timeo,
602 391 679 455 dum
701 390 857 455 innocens
881 411 929 474 es3
957 411 1088 473 vereor,
1109 409 1151 452 ne

187 483 215 547 si
239 482 311 566 quis
334 486 368 546 13
387 480 554 563 occiderit,
576 479 725 544 videatur
747 477 1000 564 tyrannicidium
1024 476 1153 543 fecisse.

537 673 798 742 ccuxxxm.

151 818 167 865 s
479 797 664 866 Amator
704 797 852 865 filiac.

187 925 251 1002 Qm
271 941 380 991 cansa
398 941 528 990 nonms
547 943 686 1009 sunam,
710 941 836 989 curren
853 940 1042 990 rumaren.
1073 922 1153 1010 Spe-

277 1015 398 1080 ciosam
431 1015 560 1098 quidam
592 1014 709 1097 filiam,
747 1014 785 1079 (13
823 1035 933 1079 amore
970 1012 1152 1099 confessus,

277 1104 380 1168 amico
404 1102 493 1168 dedit
511 1104 702 1169 servandam
722 1107 755 1168 et
772 1103 910 1189 rogavit,
932 1124 974 1168 nc
994 1102 1059 1168 sibi
1077 1103 1152 1168 rod-

275 1192 404 1257 deretur
426 1194 559 1278 petenti.
587 1195 664 1276 post
685 1196 813 1276 tempus
835 1191 981 1277 pet<i>it
1008 1213 1076 1258 non
1100 1214 1153 1258 ac·

277 1283 371 1366 cepit.
419 1281 587 1366 suspendit
614 1303 656 1346 sc.
703 1285 873 1347 accusatur
900 1281 1038 1366 amicus,
1063 1281 1151 1365 qnod

276 1391 374 1435 causa
396 1371 511 1435 mortis
534 1370 642 1436 fuerit.

578 1545 751 1614 SERMO.

254 1669 472 1736 Custodienda
500 1675 550 1736 est
573 1671 668 1737 amici
692 1692 847 1757 persona,
873 1676 923 1756 ut,
951 1694 1151 1759 quamquam

186 1760 225 1825 de
252 1783 288 1826 re
313 1759 452 1840 nefaria,
481 1781 558 1825 non.
575 1763 686 1824 tamen
713 1760 782 1825 sine
809 1765 959 1845 respectu
982 1762 1080 1828 amici
1103 1763 1152 1828 lo-

134 1865 166 1913 15
186 1854 304 1935 quatur
328 1852 360 1914 ct
383 1849 510 1914 actione
533 1851 603 1913 tota
626 1849 817 1914 misereatur
839 1850 937 1934 illius,
960 1849 1043 1917 illud
1061 1873 1151 1938 vero,

187 1939 272 2023 quod
296 1938 408 2022 periit,
435 1937 546 2002 laudet
570 1940 602 2001 31
624 1937 730 2022 magis
755 1936 980 2021 desperatione
1003 1962 1078 2006 eum
1101 1941 1150 2006 fe-

188 2029 270 2092 cisse
295 2027 390 2109 dicat,
412 2049 511 2110 quam
535 2025 730 2109 cogitatione
753 2027 936 2112 turpissimi
960 2028 1091 2096 amoris.

501 2199 829 2269 DECLAMATIO.

148 2360 152 2364 ·
253 2327 438 2412 Antequam
456 2328 539 2412 dico,
557 2350 619 2414 quo
639 2320 776 2394 crimine
792 2351 865 2395 rcus
885 2329 957 2415 sim,
976 2330 1148 2397 dicendum

131 2431 166 2481 ao
185 2420 248 2500 331,
281 2417 331 2482 cui
364 2416 454 2481 dicar
479 2415 579 2483 fuisse
608 2439 706 2484 causa
732 2418 857 2484 mortis.
901 2419 1001 2504 periit
1024 2421 1149 2488 amicus

186 2527 285 2570 meus.
308 2527 375 2570 non
389 2527 459 2571 esse
477 2506 540 2572 hoc
558 2507 694 2592 vulgare
711 2529 831 2573 nomen
849 2508 920 2591 ipse
937 2511 1144 2576 monstravit

183 2594 270 2658 hunc
297 2594 398 2678 igitur
428 2596 583 2662 occidisse
614 2596 704 2663 dicor
732 2597 823 2662 nulla
852 2597 935 2663 lucri
965 2620 1036 2683 spe:
1069 2622 1147 2665 nam

122 2726 124 2731 ,
183 2682 285 2746 filiam
308 2683 525 2770 relinquebat3
549 2682 639 2750 nulla
658 2686 795 2751 offensa:
818 2708 895 2752 nam
910 2690 943 2751 et
956 2687 1050 2752 illam
1064 2688 1148 2754 mihi

185 2770 327 2850 credidit,
350 2776 384 2837 31
406 2794 467 2859 ego
490 2772 575 2838 nihil
597 2772 659 2839 feci
681 2778 775 2839 extra
796 2779 1015 2860 praeceptum.
1052 2777 1145 2862 quid·

131 2874 165 2923 33
185 2858 261 2943 quid
285 2864 335 2924 cst
357 2861 467 2947 igitur,
491 2861 577 2946 quod
596 2863 735 2928 obicitur
757 2864 848 2947 mihi,
872 2886 910 2930 ex
928 2865 1015 2931 bona
1033 2870 1144 2932 mente

184 2947 409 3032 proficiscitur.
454 2949 630 3016 Videamus
653 2956 774 3038 tamen,
798 2975 840 3018 an
862 2953 920 3019 ubi
943 2955 1071 3022 animus
1095 2979 1146 3022 ac·

184 3037 291 3101 cusani
314 3060 382 3104 non
405 3038 512 3124 debet,
536 3040 585 3105 ius
609 3041 751 3107 haereat.

135 3205 139 3214 ·
254 3201 268 3248 1
295 3202 327 3249 Ν
353 3200 376 3249 Δ
401 3197 411 3265 ΙΙ
437 3199 519 3266 poste
545 3201 599 3264 Aa,
622 3201 674 3268 pot
693 3160 895 3271 (sspotestss
922 3202 932 3270 fl
958 3203 1062 3256 tuusB
1090 3205 1101 3273 ΙΙ
1128 3208 1146 3258 4

180 3271 424 3368 milia
443 3286 453 3355 n
471 3291 487 3340 o
505 3284 647 3361 *peuda
660 3289 669 3357 u
685 3294 717 3344 ro
736 3289 810 3360 perit
827 3295 876 3343 ss
890 3291 1027 3359 11333331
1045 3292 1146 3362 31133-

179 3371 254 3494 gissila
270 3356 412 3498 discidi
421 3363 453 3480 13
473 3359 548 3426 quod
567 3363 607 3412 Δι
620 3363 630 3429 ss
644 3365 677 3414 23
697 3360 745 3416 ille
758 3365 782 3413 Δ
796 3363 805 3431 [Ι
819 3367 852 3417 2⁷
871 3378 927 3417 non
944 3365 1041 3434 potest
1058 3363 1145 3418 debet
