2386 3816
143 119 206 185 148
270 99 276 108 “
507 113 735 183 ouiurumur

141 307 219 350 rem.
263 283 336 347 ideo
360 281 446 346 euim
464 302 522 345 vos
547 279 745 357 sustulimus,
768 281 805 342 ut
828 277 923 342 nobis
948 276 1109 360 obsequa-

141 373 230 456 mini,
254 376 287 437 et
310 377 396 435 certe
419 369 528 435 nullus
548 368 731 434 excusatius
755 370 885 451 epatre
908 367 1109 450 nonproba-

141 461 243 544 bitur,
271 482 369 544 quam
384 459 454 549 ·qui
480 479 547 523 non
574 458 692 542 probat
713 460 851 541 patrem.
898 455 1023 522 scilicet
1045 477 1108 521 nos

143 549 250 632 stulti,
280 549 335 632 qui
357 548 477 632 forum,
506 547 554 612 rei
577 545 725 632 publicae
749 544 945 630 dignitatem
968 546 1110 610 tuemur.

108 637 269 704 ediscede
293 638 334 702 ab
358 637 539 721 insipiente,
562 636 603 701 ab
627 636 751 700 insano.

211 725 274 791 Sed
292 748 357 791 non
375 735 506 792 neeesse
524 724 638 810 habeo,
662 724 792 807 iudices,
810 721 865 787 diu
879 723 1108 789 commendare

143 816 236 882 vobis
266 816 373 881 officia
401 814 524 898 civilia,
552 813 588 878 in
615 813 731 898 quibus
763 812 829 877 iam
862 811 917 877 diu
946 812 1109 879 satisfeci:

144 906 250 971 omnis
271 904 352 969 mihi
371 903 455 969 actio
474 903 509 968 in
527 902 728 986 dispicienda
746 901 815 967 vita
833 900 894 966 filii
915 899 1027 987 posita
1046 907 1108 968 est.

66 1031 69 1038 ·
143 994 263 1078 videte,
295 997 333 1058 ut
365 993 429 1058 alia
460 995 601 1076 taceam,
630 990 781 1057 habitum
807 991 926 1075 ipsum.
981 994 1109 1057 eeteros

91 1099 124 1147 10
145 1085 243 1166 enim,
268 1104 349 1166 quos
374 1081 524 1147 abdicant
545 1083 665 1167 patres,
689 1080 758 1146 sine
781 1080 968 1146 narratione
991 1080 1109 1164 culpae

143 1172 294 1237 abdicere
311 1193 378 1244 non
396 1174 545 1255 possunt:
564 1171 599 1235 in
614 1170 677 1236 hoc
694 1168 762 1235 filio
781 1169 861 1234 satis
876 1172 926 1233 est
941 1168 981 1234 ad
996 1169 1109 1236 odium

143 1260 294 1326 habitum
312 1260 490 1325 ostendere.
522 1260 595 1344 quis
614 1261 665 1324 est
683 1259 746 1323 iste
763 1258 825 1323 filii
843 1257 998 1323 habitus?
1022 1281 1128 1344 quae·

143 1349 275 1414 sordes?
313 1348 391 1432 quid
422 1347 506 1412 mihi
537 1347 620 1414 hane
651 1347 810 1413 invidiam
840 1346 936 1430 facis,
967 1350 1005 1412 ut
1031 1369 1108 1413 cum

143 1436 265 1502 habeas
297 1440 437 1520 patrem,
470 1437 577 1502 cibum
609 1437 650 1502 ab
683 1436 756 1501 aliis
779 1435 904 1520 petas?
950 1437 1108 1503 adversus

93 1541 126 1590 15
145 1526 310 1591 fortunam
337 1528 370 1590 tc
398 1526 549 1591 exerces?
592 1525 669 1611 quid
699 1526 785 1591 enim
808 1525 950 1592 accidere
974 1527 1108 1612 gravius

144 1615 277 1699 potest?
300 1613 413 1700 frigus,
430 1614 551 1680 famem
570 1615 701 1700 pateris,
724 1614 914 1700 nequando
934 1615 1108 1682 accidant?

74 1724 77 1730 ’
144 1708 178 1768 et
200 1703 272 1769 ideo
297 1703 420 1788 aliquid
442 1705 579 1788 pateris,
606 1725 646 1768 ne
671 1704 800 1790 quando
822 1703 1015 1788 patiendum
1039 1705 1106 1771 sit?

143 1813 202 1857 vos
216 1815 293 1858 vero
312 1814 397 1859 noro
416 1813 533 1878 genere
553 1793 697 1859 ambitus
712 1793 960 1859 admirationem
973 1794 1109 1860 miseria

143 1883 291 1967 captatis.
341 1881 415 1948 inde
442 1882 501 1949 illa
529 1881 736 1968 inpudentia,
764 1883 850 1968 quod
878 1883 1107 1950 verecundiam

90 1985 124 2035 2ο
143 1970 229 2036 inter
266 1972 404 2037 crimina
439 1971 561 2057 ponitis
594 1972 657 2057 †et
688 1972 942 2056 appellationem
978 1994 1108 2057 quoque

142 2060 265 2143 passim
278 2082 382 2143 nuper
391 2060 524 2126 dedistis
534 2063 567 2146 †.
581 2061 687 2126 omnis
697 2082 772 2126 vero
782 2060 1010 2145 philosophiae
1019 2065 1106 2127 trac·

141 2151 232 2226 tatus
256 2149 381 2214 alienus
406 2149 551 2214 moribus
575 2153 704 2215 nostrae
728 2150 871 2216 civitatis
893 2154 952 2216 est.
992 2154 1105 2217 tamen

142 2237 253 2320 utique
276 2237 456 2321 placuerat:
489 2260 594 2303 nonne
619 2238 701 2303 aliae
725 2243 830 2305 sectae
853 2239 1027 2305 iustiores?
1057 2245 1104 2306 at

142 2325 291 2391 tenderes
318 2325 482 2411 Physicis3
511 2348 695 2413 quaereres,
722 2332 873 2394 utrumne
901 2329 986 2413 ignis
1016 2333 1104 2395 esset

89 2429 123 2478 25
142 2415 273 2480 initium
295 2437 412 2495 rerum,
435 2439 477 2482 an
500 2438 577 2481 vero
601 2417 736 2482 minutis
761 2417 866 2483 editus
890 2422 923 2482 et
943 2418 1100 2484 mirabili-

143 2504 203 2569 bus
232 2505 399 2571 elementis
422 2509 596 2592 perpetuus
623 2505 676 2571 hic
704 2505 856 2592 mundus,
885 2528 927 2571 an
955 2508 1104 2574 mortalis

143 2597 238 2658 esset.
287 2593 438 2660 Viderint
469 2595 540 2661 alii:
570 2615 630 2680 ego
663 2595 699 2659 in
730 2597 763 2660 te
794 2595 879 2661 hane
910 2596 1104 2680 patientiam

143 2681 281 2766 torporis
305 2680 389 2748 ferre
409 2706 475 2750 non
492 2706 635 2768 possum.
672 2685 706 2748 in
726 2684 807 2749 alias
826 2688 859 2750 te
878 2707 951 2769 spes
972 2686 1115 2771 sustuli3·

143 2769 182 2833 de
205 2769 365 2853 dignitate
389 2775 446 2838 tua
469 2773 663 2858 cogitabam.

213 2987 229 3033 2
248 2983 395 3035 excusatus
413 2985 435 3034 B
453 2985 462 3052 ΙΙ
480 2987 498 3036 4
518 2982 657 3052 dignitate
676 2984 817 3039 intuemur
833 2988 854 3037 B
872 2987 882 3055 11
902 2991 917 3040 6
938 2985 1008 3040 abeo
1027 2987 1073 3053 ΔΙΙ
1088 2992 1102 3041 7

143 3050 267 3106 civilium
286 3055 327 3104 Δι
345 3052 354 3121 Η
373 3056 389 3106 8
408 3052 468 3123 dip
485 3056 509 3106 Δ
525 3055 535 3124 ll
550 3061 584 3108 14
603 3056 705 3124 cybum
722 3056 847 3125 itemque
866 3056 978 3126 saepius
995 3060 1016 3109 B
1031 3057 1040 3126 ΙΙ
1054 3074 1103 3128 pe·

141 3123 194 3177 tes.
213 3121 254 3177 IN
273 3121 428 3179 CYNIGOS
448 3123 510 3181 adv.
529 3130 553 3178 Δ
576 3128 585 3196 Μ
611 3132 642 3181 17
662 3125 742 3182 idaco
761 3130 785 3180 Δ
806 3129 816 3199 ll
838 3126 969 3198 paterisis
987 3133 1028 3182 Aa
1046 3131 1103 3200 ll18

142 3193 337 3249 adorationem
355 3198 417 3263 AB,
446 3197 578 3253 ccrr.1lo
600 3200 610 3268 ll
633 3203 737 3252 20-21
756 3199 872 3265 fortusse
890 3199 1106 3270 *appellatione

142 3281 253 3334 quoque
278 3266 400 3348 pessima
424 3266 596 3337 perdidistis;
630 3269 850 3339 appellationem
872 3289 918 3340 qu.
943 3272 1104 3341 passionum

141 3335 305 3406 perdidistis
326 3338 382 3394 Obr
395 3341 405 3410 ΙΙ
418 3344 453 3393 24
471 3339 556 3394 lisicia
574 3344 605 3406 Δ,
624 3340 740 3411 phisicis
753 3344 831 3394 B-l’
844 3343 854 3410 ss
867 3347 901 3396 25
919 3343 1104 3400 mutabilibus

141 3407 257 3477 1201127
276 3408 398 3466 viderint
415 3413 444 3466 te
463 3411 498 3466 al.
518 3415 560 3484 ΡΙΙ
574 3418 608 3467 28
627 3412 751 3483 corporis
770 3416 827 3482 AB,
846 3424 914 3472 cour.
936 3415 981 3470 Ro
