2386 3816
165 157 217 213 XX
535 155 751 212 PRAEFATIO.

165 311 251 387 gonis
274 307 435 382 Porteusis,
459 307 496 366 ad
519 325 608 383 quem
630 307 706 366 falso
729 307 839 366 missus
863 308 928 366 arat
951 296 1073 366 libellus
1093 308 1130 366 'et

164 409 264 484 ipsum
285 404 531 482 Lugdunensem,
553 405 654 465 ullam.

232 492 406 579 Praeterea,
429 502 456 563 si
478 494 578 562 certus
597 504 702 562 auctor
721 504 769 562 est
783 501 896 579 Caspar
908 503 1053 562 Bartbius
1072 492 1129 584 (ad

166 602 239 679 Pap.
264 600 340 661 Stat.
363 599 457 659 Theb.
481 599 538 676 IX,
563 602 624 661 169
649 617 718 677 pag.
743 594 836 679 bill)
862 600 972 676 „etiam
995 599 1129 659 Basilius

166 700 264 760 Faber
292 690 498 780 (1520-76)
530 697 583 774 qui
614 697 825 758 scholasticum
856 697 972 758 lexicon
1004 697 1129 758 Latino-

170 798 380 858 Germanicum
398 796 533 872 scripsit,
551 814 582 855 se
597 795 711 872 aliquot
728 799 869 855 centenas
884 784 1061 866 Quintiliani
1079 796 1131 856 dc-

166 896 358 955 clamationes
372 894 514 953 habuisse
535 911 644 970 easque
659 888 789 969 Oporino
808 893 995 954 excudendas
1008 892 1130 954 dedisse

166 993 270 1052 scribit
291 993 323 1050 in
346 983 403 1060 Qu¹
430 987 747 1067 commemorationa⁴‘;
778 1010 869 1068 quam
896 993 927 1050 in
955 993 1048 1052 lexico
1073 992 1129 1052 illo

165 1109 226 1150 non
246 1089 374 1150 invenio.
410 1088 495 1147 Libri
519 1107 558 1147 an
581 1107 671 1148 manu
695 1089 798 1164 scripti
821 1089 941 1164 fuerint,
967 1089 1129 1149 admodum

166 1178 326 1264 incertum3
351 1186 441 1246 editio
466 1183 590 1262 Oporini
611 1187 695 1246 nulla
718 1188 824 1247 exstat.

233 1285 368 1360 Denique
392 1283 546 1342 Latinium
568 1275 760 1364 (1613-93
805 1277 819 1364 )
838 1285 870 1342 in
888 1284 967 1344 notis
987 1273 1128 1345 editionis

167 1381 408 1440 Burmannianac
422 1382 470 1440 ter
489 1373 531 1460 (p.
546 1382 619 1454 438,
640 1383 704 1440 439
724 1374 786 1461 bis)
813 1381 942 1458 legimus
956 1390 1017 1457 ,ex
1033 1377 1130 1442 MSS“

167 1479 281 1554 aliquid
302 1479 478 1555 protulisse,
501 1478 582 1554 quod
603 1478 760 1553 paululum
783 1477 909 1538 discedit
932 1480 1077 1540 acodiois
1091 1481 1128 1558 A,

167 1577 274 1651 inquo
290 1577 353 1635 solo
367 1575 399 1634 hi
413 1576 449 1634 de
463 1575 572 1651 quibus
586 1574 738 1651 loquimur
752 1576 810 1635 loci
823 1580 951 1653 exstant,
971 1579 1127 1654 scriptura.

168 1673 227 1733 Sed
250 1691 382 1732 errorem
404 1674 536 1750 aliquem
563 1676 637 1748 puto
665 1673 788 1733 subesse
815 1692 869 1733 nec
897 1694 932 1734 ax
959 1693 1043 1752 mss,
1075 1676 1129 1736 scd

168 1790 205 1830 ex
228 1790 260 1831 se
284 1771 384 1847 potius
407 1770 562 1830 Latinium
584 1769 729 1829 hausisse.
766 1762 817 1849 (In
833 1771 1129 1850 ,‚lucubratiouibus“

78 1893 81 1898 ·
168 1869 244 1946 aius,
270 1869 359 1929 editis
382 1869 494 1928 Romae
524 1869 628 1946 1659,
651 1867 726 1926 nibil
748 1868 839 1943 inest,
868 1870 947 1945 quod
969 1871 1009 1930 a'd
1032 1871 1129 1932 decla-

168 1967 314 2027 mationes
339 1966 517 2036 Quintiliani
540 1959 711 2043 pertineat).
775 1961 780 1969 ’

257 2064 376 2137 Restat,
407 2066 443 2122 ut
474 2066 634 2140 postquam
660 2061 715 2121 Bc
743 2063 890 2123 librorum
921 2065 1002 2124 inter
1033 2084 1064 2126 sa
1098 2071 1130 2127 et

169 2180 236 2219 cum
260 2160 303 2219 cis
323 2160 376 2235 qui
389 2159 537 2236 deperditi
554 2164 760 2219 memorantur
777 2161 927 2223 codicibus
946 2164 1128 2227 coniunctio·

167 2276 236 2316 nam
258 2256 491 2334 illustravimus,
518 2255 596 2314 libro
623 2256 651 2315 A
674 2275 792 2334 quoque
819 2259 879 2319 iam
906 2261 1011 2321 demus
1034 2241 1129 2322 'suum

169 2355 267 2414 locum
295 2357 327 2413 ct
352 2355 475 2430 plenum
502 2354 684 2414 constituere
710 2374 851 2416 conemur
878 2358 1012 2420 codicum
1042 2363 1129 2436 quasi

168 2455 303 2511 stemma.
1013 2522 1029 2545 1

233 2549 292 2610 Est
309 2552 411 2609 autem
429 2548 458 2607 A
475 2550 640 2623 nonmodo
658 2552 775 2626 planior
792 2572 883 2630 quam
901 2554 955 2616 Bc
975 2559 1006 2616 ct
1019 2575 1129 2618 novem

169 2645 433 2706 declamationibus
461 2647 588 2725 aucuor,
616 2647 669 2708 sed
696 2649 788 2708 etiam
814 2651 981 2727 scripturae
1002 2654 1034 2713 in
1062 2657 1129 2714 uui-

167 2760 288 2804 versum
310 2743 391 2803 baud
415 2743 503 2803 dubie
525 2744 661 2821 petiolis
701 2744 828 2825 Propius
851 2747 958 2827 igitur,
982 2757 1129 2828 quantum

168 2840 239 2905 licet
273 2841 465 2916 intellegere,
501 2843 587 2903 abest
618 2843 656 2902 ab
688 2843 741 2903 illc
764 2844 927 2919 exemplari
955 2849 1128 2929 archetypo,

168 2937 248 3027 quod
281 2937 365 3015 signo
393 2937 408 2996 I
435 2938 510 2998 libet
536 2943 650 3001 notare.
700 2940 805 3002 Litora
827 2965 846 3000 α
867 2945 1006 3005 notamus
1031 2965 1128 3007 exem·

167 3035 235 3111 plar
265 3034 353 3111 illud,
390 3053 426 3094 ex
457 3057 515 3115 quo
551 3036 638 3097 fluxit
662 3038 704 3115 A;
731 3039 811 3117 quod
842 3042 1035 3118 cognovimus
1076 3026 1129 3104 'X0

169 3136 259 3192 saec.o
294 3133 388 3192 fuisse
409 3134 596 3210 mutilatum,
618 3135 775 3212 deperdita
795 3141 881 3215 parte
899 3140 998 3216 priora
1020 3148 1052 3204 et
1070 3149 1130 3222 pri·

168 3229 224 3288 mis
252 3230 385 3306 paginis,
413 3249 540 3306 quarum
562 3231 682 3292 initium
706 3239 772 3296 crat
794 3253 812 3294 a
835 3236 908 3298 decl.
933 3240 996 3299 244
1020 3245 1128 3321 media,

168 3325 327 3386 manifesto
359 3327 420 3388 situ
439 3329 600 3406 ¹corruptis
632 3330 798 3410 deletisque
829 3333 869 3393 ad
901 3337 1035 3412 aliquam
1061 3361 1130 3418 par-

167 3425 227 3480 tcm
251 3443 354 3482 carum
375 3425 481 3487 literis.
518 3425 731 3491 Controversia
752 3433 855 3508 potest
870 3434 989 3492 moveri
1008 3437 1046 3494 da
1067 3440 1137 3514 illo,
