2386 3816
368 150 686 208 DECLAMATIONES.
706 149 832 210 CCCXV.
1017 152 1081 219 241

110 315 189 400 luit,
198 313 1083 400 tamquaminutilissimum,tamquaminimioiseimum.

111 425 222 490 neque
241 405 327 470 euim
344 424 484 489 poenam
499 404 584 469 hano
602 403 673 469 viro
691 404 771 470 forti
790 403 961 470 constituit
978 425 1083 489 neque

111 493 266 578 inposuit
283 492 457 577 recusanti,
470 513 573 578 neque
591 492 694 559 ullam
707 493 935 560 necessitatem
947 494 1082 561 nolenti.

112 582 195 668 quid
218 583 306 649 enim
327 581 470 665 iacietis,
494 581 607 648 sinon
632 581 803 649 oooidero?
826 581 897 666 quis
917 586 968 648 est
985 581 1081 649 huius

112 671 362 738 constitutionis
371 671 615 757 exitusilegem
624 671 750 736 nullam
760 670 899 736 habetis.
913 669 970 736 sed
979 671 1082 737 vindi·
1101 687 1118 738 ⁶

112 760 373 827 oarirosvultis.
391 760 545 828 adhibete
555 760 749 841 carnificem,
759 759 895 826 oeoidite
902 762 1083 845 utrumque.

114 850 200 916 bene
228 849 357 915 hercule
385 849 616 915 exhortamini:
643 852 708 934 est,
735 869 835 934 quare
868 871 959 915 arma
986 870 1083 915 senex

114 960 292 1006 resumam.
336 937 486 1023 „fortiter
508 937 629 1023 fecisti,
657 938 834 1023 plurimum
862 937 1082 1023 reipublicae

112 1033 194 1093 tuae
215 1028 429 1112 praestitisti,
456 1027 538 1094 velis
560 1027 675 1093 nolis.“
712 1027 788 1113 quid
811 1027 914 1112 igitur
935 1026 1016 1092 haee
1040 1026 1082 1092 ad

114 1117 348 1201 parricidium?
384 1120 437 1202 „et
466 1117 569 1182 filium
593 1116 716 1199 ooeide,
743 1119 777 1180 et
802 1137 920 1200 parum
949 1115 993 1181 sit
1022 1116 1083 1181 tibi
1103 1132 1136 1183 10

114 1204 280 1289 perdere.“
325 1206 499 1272 vehemens
528 1209 612 1290 erat,
641 1205 670 1270 si
692 1205 846 1289 dicerem,
877 1205 1082 1270 »110100οοί-

113 1294 228 1360 deret:
250 1295 428 1382 ignoscetis
451 1295 533 1361 mihi
557 1294 690 1379 dicenti,
722 1315 812 1360 »non
834 1293 982 1379 possum,
1012 1316 1081 1360 ma·

115 1405 182 1450 nus
204 1384 272 1467 illa,
295 1406 377 1469 quae
400 1384 494 1452 fortis
518 1384 697 1468 dicebatur,
716 1383 866 1450 defecit«

185 1470 260 1538 Soio
286 1495 371 1539 nuno
399 1494 465 1558 me,
491 1473 622 1558 iudices,
649 1471 841 1558 reprehendi
863 1494 883 1537 a
907 1471 1001 1538 bonis
1024 1494 1081 1557 pa·

114 1561 233 1644 tribus,
255 1565 423 1649 tamquam
446 1562 626 1646 praemium
645 1565 759 1647 optare
777 1561 930 1629 nesciam.
962 1561 1080 1628 melior
1100 1576 1133 1629 11

112 1650 201 1716 enim
234 1655 267 1717 et
297 1651 518 1737 indulgentior
549 1655 645 1736 pater
675 1652 739 1717 hoo
775 1650 908 1716 diceret:
940 1650 1080 1718 »donate

113 1741 242 1806 meritis
261 1741 343 1807 meis
361 1741 474 1807 filium.
501 1741 550 1807 ita
568 1760 630 1825 ego
650 1739 738 1825 quod
754 1738 885 1804 fortiter
901 1739 974 1824 faoi,
993 1740 1080 1824 quod

112 1831 245 1895 tantum
263 1829 393 1896 hostilis
413 1829 582 1917 sanguinis
601 1828 679 1912 fudi,
703 1827 790 1913 quod
806 1828 895 1894 inter
914 1832 1081 1894 momenta

112 1919 271 1984 viatoriae
293 1919 351 2004 fui,
373 1941 440 1985 non
463 1922 514 1984 est
532 1939 591 2002 pro
611 1939 711 2002 opera
724 1915 908 1982 duorumt?
944 1915 1028 1999 Ego,
1052 1917 1080 1982 si

113 2007 232 2075 melior
260 2021 368 2073 ‘essem
393 2011 502 2094 pater,
528 2005 610 2072 illud
638 2026 766 2091 quoque
790 2004 981 2089 simplieiter
1005 2026 1078 2072 eon·
1098 2021 1134 2074 1ο

113 2095 239 2181 iiterer,
270 2096 449 2163 deseruisse
481 2096 586 2162 filium
619 2117 693 2161 mea
725 2095 829 2179 eulpa.
884 2094 961 2179 quid
993 2094 1081 2161 enim

115 2205 250 2252 necesse
267 2185 333 2252 fuit
351 2186 484 2253 eduoere
503 2186 538 2252 in
558 2185 660 2252 auiam
680 2183 980 2251 adulesoentulum?
1004 2184 1080 2270 quid

113 2294 247 2341 neeesse
283 2274 348 2340 fuit
382 2274 493 2341 rudes*
511 2295 614 2341 annos
647 2295 720 2341 oum
757 2272 953 2359 gravissimo
985 2272 1080 2340 hoste

115 2363 327 2430 acerbissimo
350 2365 475 2450 proelio
499 2368 714 2450 componere?
738 2366 795 2430 aut
818 2366 903 2428 eerte
922 2362 951 2427 si
968 2365 1079 2428 tantus

114 2452 240 2538 gloriae
268 2474 372 2539 amor,
401 2453 431 2519 si
457 2456 552 2520 tanta
579 2453 698 2538 cupido
718 2451 861 2536 laudum,
888 2450 1036 2516 resedere
1060 2465 1133 2516 111

113 2541 182 2608 filio
205 2563 279 2609 meo
302 2564 369 2609 non
392 2542 574 2609 debueram.
610 2545 645 2610 et
667 2541 743 2623 feei,
773 2540 905 2623 iudices,
928 2540 1080 2625 primum,

113 2635 148 2696 et
171 2635 340 2717 tamquam
362 2633 566 2698 instituerem
587 2632 692 2697 filium
709 2629 824 2696 rudem
842 2629 989 2713 militiae,
1011 2651 1080 2696 non

111 2720 228 2804 prooul
251 2743 271 2787 a
289 2721 390 2788 latere
408 2721 536 2807 reliqui.
568 2721 698 2806 deeepit
714 2741 766 2784 me
785 2718 883 2784 ardor
906 2717 964 2784 ille
986 2719 1078 2786 belli:

113 2813 153 2876 ut
188 2810 330 2894 primurn
367 2811 463 2898 signa
495 2832 611 2878 canere
644 2811 832 2893 coeperunt,
868 2809 905 2874 ut
937 2808 1079 2892 primum

72 2907 75 2916 “
111 2899 151 2984 †.
166 2949 174 2965 .
188 2900 237 2986 .†,
259 2903 366 2966 totum
389 2899 533 2965 animum
553 2899 714 2985 percussit
732 2897 850 2982 patria,
873 2898 944 2964 sola
961 2897 1077 2966 virtus.
1097 2912 1133 2962 eo

143 3091 439 3149 ·2virifortemA
493 3090 833 3163 tetiamdtfaoitisn
856 3093 866 3164 u
888 3090 1077 3162 quiritant

110 3161 256 3219 vindicare
274 3168 339 3232 AB,
358 3180 427 3220 corr.
509 3164 582 3233 flvoe
605 3163 692 3220 voltis
710 3169 744 3231 Β,
768 3162 854 3220 vultis
877 3164 967 3233 11111
994 3162 1078 3217 vehe-

110 3234 214 3290 mentis
237 3239 278 3288 Aa
294 3236 429 3305 111-11
453 3235 581 3292 occidere
598 3234 664 3292 uolo
683 3240 703 3289 B
721 3236 732 3305 Ι
751 3242 784 3291 16
806 3233 942 3292 nesioiam
960 3235 1025 3304 Aut
1044 3240 1078 3289 16

110 3305 284 3376 indigentior
297 3310 320 3359 Α
333 3305 342 3376 ΙΙ
356 3307 410 3363 hoo
426 3308 541 3378 pater!
556 3308 565 3376 ΙΙ
581 3311 614 3364 18
627 3307 704 3364 tami
724 3306 894 3377 ananguis
908 3309 973 3360 113
987 3307 997 3376 n
1010 3322 1078 3361 mo·

110 3379 226 3433 menta
243 3383 267 3431 Δ
279 3379 290 3448 ΙΙ
303 3384 410 3434 22-25
429 3377 497 3448 quid
519 3395 564 3433 me
583 3395 664 3435 amor
677 3379 775 3434 omisso
788 3392 901 3433 neeesse
915 3377 934 3432 f.
945 3395 966 3432 r,
977 3393 1002 3432 1.
1014 3393 1038 3431 e.
1049 3394 1077 3446 g·

109 3449 139 3503 h.
150 3465 174 3504 a.
185 3467 212 3518 p.
222 3467 247 3504 e.
258 3466 283 3504 a,
294 3466 316 3507 o.
327 3468 348 3505 e.
359 3452 379 3505 t.
392 3448 503 3520 gloriae
516 3453 558 3506 Aa
570 3451 581 3524 ΙΙ
595 3455 629 3508 19
649 3467 730 3525 ooep.
747 3448 792 3507 ita
807 3452 883 3523 pun
891 3448 1031 3522 tenti·
1042 3450 1091 3512 ,31

155 3545 294 3592 ornemur
306 3546 371 3599 aaa,
386 3548 421 3593 aa
437 3549 524 3595 meror.
903 3545 944 3597 &t
