2386 3816
292 173 610 232 DEGLAMATIONES.
639 174 807 231 CCXLVIII.
988 177 1029 242 15

63 339 298 427 palpitantem,
320 339 441 404 invasit
465 340 617 424 carnifex,
639 362 706 406 non
728 340 935 404 vulneratum
959 361 1029 404 cru·

63 453 108 496 en
203 450 243 496 ue
279 451 338 514 per
374 450 433 494 ora
458 430 571 514 populi
601 429 716 513 traxit,
745 450 811 494 non
838 429 890 494 illi
922 433 1028 514 caput,

62 519 118 584 uel
142 519 298 601 examini,
330 518 401 603 lege
422 518 562 583 recisum
585 522 643 584 est.
689 539 748 603 pro
776 517 926 584 immitis!
973 519 1028 604 qui

63 608 106 674 de
129 629 260 674 summa
283 608 455 673 clementia
476 610 546 672 tam
568 607 662 673 triste
686 606 791 673 fecisti
813 607 1005 693 exemplum.

433 816 661 887 ccxuuul.
1047 837 1062 886 e

217 941 304 1013 dcte
328 943 412 1011 anui
436 941 591 1026 duplicis
615 941 879 1029 inprudentiae.

61 1069 303 1136 Immundis
330 1086 451 1136 cenius
478 1085 669 1134 nannenus
697 1085 940 1148 cumcunnmo
968 1087 1027 1134 nx·

156 1175 256 1225 unus.
278 1157 429 1225 Exunun
447 1175 557 1222 Inuus
574 1174 674 1222 mnne
693 1174 823 1222 menan
844 1175 1027 1225 ocemund.

156 1246 219 1324 Qui
241 1247 372 1314 eaedem
394 1268 453 1332 per
471 1246 715 1333 inprudentiam
735 1249 950 1332 commiserat,
973 1249 1028 1332 ab·

152 1336 193 1402 iit
224 1337 259 1402 in
290 1337 432 1404 exilium.
478 1336 525 1401 ibi
554 1338 653 1402 tertio
683 1358 769 1402 anno
801 1337 891 1402 exilii
925 1336 1026 1401 aliam
1047 1353 1079 1402 10

152 1425 285 1492 caedem
317 1425 469 1492 similiter
501 1426 673 1509 commisit.
722 1426 865 1512 explevit
895 1430 1026 1512 tempus

152 1515 366 1601 quinquennii
394 1537 432 1580 ex
460 1537 498 1581 ec
526 1519 685 1601 tempore,
716 1537 779 1602 quo
802 1516 921 1581 iterum
944 1517 1026 1581 ccci·

151 1605 254 1670 derat.
290 1605 476 1670 redeuntem
499 1605 595 1670 illum
624 1609 701 1689 post
731 1608 882 1670 octavum
906 1626 1026 1670 annum

151 1693 272 1760 occidit
294 1693 425 1778 quidam
448 1693 537 1759 intra
559 1695 647 1760 fines.
684 1715 759 1760 reus
783 1697 833 1759 est
855 1694 973 1760 caedis.

383 1869 719 1937 enodandum.
1047 1885 1080 1935 15

127 1995 205 2063 Non
234 1998 388 2063 continuo
418 1997 543 2062 occisus
574 1995 672 2060 homo
703 1993 744 2059 ad
774 1995 895 2059 crimen
927 1998 960 2059 et
987 1993 1028 2059 ad

60 2085 305 2152 damnationem
327 2087 480 2171 pertinet,
504 2108 577 2151 cum
599 2084 662 2150 hec
681 2084 813 2149 interim
832 2084 960 2170 legibus
978 2083 1027 2148 fa-

61 2196 132 2240 cere
166 2174 273 2242 liceat.
320 2175 470 2262 quotiens
500 2179 608 2241 autem
637 2174 726 2258 licet,
759 2173 858 2239 etiam
888 2176 1027 2258 opertet.

61 2265 189 2329 exulem
212 2265 359 2336 occidere
382 2266 470 2329 intra
493 2264 573 2330 fines
596 2264 683 2329 licet.
726 2261 765 2328 ld
784 2263 834 2329 ius
854 2263 1027 2348 dupliciter
1136 2299 1139 2305 ·

61 2352 209 2418 efficitur.
240 2358 297 2421 aut
324 2354 411 2420 enim
440 2353 537 2437 redit,
570 2353 620 2418 cui
648 2353 781 2418 omnino
805 2352 916 2438 <n0n>
938 2351 1024 2435 licet,
1044 2367 1078 2416 20

62 2446 119 2508 aut
156 2442 252 2528 <cui>
289 2466 357 2510 non
394 2442 497 2508 redire
530 2441 595 2507 nisi
626 2441 723 2526 <post
757 2440 909 2526 tempus>
939 2441 1025 2506 lieet.

59 2529 194 2617 Nescio,
226 2555 270 2598 an
297 2555 336 2598 ex
363 2532 404 2598 iis
437 2531 563 2597 duobus
597 2530 696 2596 etiam
729 2530 848 2597 iustius
877 2530 1026 2595 videatur

60 2620 176 2706 occidi,
198 2643 272 2688 cum
290 2621 374 2687 redit
393 2624 506 2687 eontra
529 2620 633 2704 leges,
664 2619 721 2704 qui
749 2619 928 2705 aliquando
956 2618 1025 2684 iure

60 2707 225 2776 rediturus
249 2710 301 2778 sit
336 2710 429 2776 illum
454 2709 540 2775 enim
564 2730 641 2774 sane
660 2708 820 2793 cupiditas
842 2708 969 2793 patriae
994 2711 1026 2772 et

59 2799 182 2863 ultima
214 2800 395 2885 desperatio
428 2802 526 2884 cegat
558 2797 732 2882 aliquando
764 2797 889 2863 furtum
920 2798 1026 2862 facere
1045 2809 1079 2861 25

60 2888 131 2953 iuri.
160 2893 331 2973 praeterea
349 2910 422 2953 cum
441 2891 499 2954 aut
518 2888 567 2952 ita
583 2889 788 2952 revertantur
806 2887 926 2970 exules,
944 2890 1026 2950 tam·

63 2999 162 3061 quam
181 2979 217 3042 in
235 2979 298 3044 hoc
316 2977 443 3063 fallant,
463 2980 521 3042 aut
540 2977 587 3043 ita
605 2980 772 3060 tamquam
794 2976 836 3041 iis
859 2975 966 3041 facere
989 2973 1027 3037 li-

132 3123 149 3172 2
167 3135 187 3190 p
207 3135 265 3173 ora
282 3116 360 3188 ppli
377 3117 481 3173 traxit
502 3135 519 3184 η
544 3121 568 3170 A
585 3118 594 3187 ss
616 3115 688 3171 illud
707 3120 738 3184 A,
757 3132 826 3172 corr.
845 3113 890 3171 Ro
912 3117 922 3184 l
945 3120 961 3170 3
980 3131 1026 3197 en-

61 3188 173 3245 animae
191 3189 251 3260 legi
268 3193 300 3257 A,
319 3189 459 3259 exanime,
478 3187 544 3258 lege
562 3189 632 3254 edd„
650 3204 719 3244 corr.
738 3187 782 3244 Rc
807 3189 816 3257 l
838 3203 889 3256 pre
908 3187 1025 3240 immune

60 3259 196 3345 (casus>l
216 3259 255 3332 (d)
275 3260 332 3345 no,
351 3262 494 3344 conferens
513 3261 659 3344 1420114
677 3259 747 3342 fecit
764 3263 800 3328 A,
820 3274 889 3314 corr.
908 3257 962 3313 Sed
981 3258 990 3327 Η
1009 3264 1025 3312 6

60 3332 489 3475 ldllldldluleld?
505 3327 1032 3475 tt.⁰tuct²¹²ntltll¹dl'fld

62 3475 97 3529 al.
118 3475 155 3542 (?>
172 3476 218 3530 Bo
226 3479 242 3544 l)
253 3481 290 3530 27
304 3476 350 3532 lu's
365 3482 396 3547 A,
418 3493 489 3536 cerr.
510 3475 556 3536 Ro
