2386 3816
72 130 76 137 ’
160 142 226 208 296
527 139 757 212 columniam

160 305 301 392 populus
324 304 440 369 lustret
464 307 560 387 atque
584 302 708 368 ambiat
728 321 855 387 rogum.
891 302 1068 369 adiciamus
1092 308 1125 370 et

160 393 326 460 lacrimas:
362 391 582 478 >perdidimus
613 390 853 477 tyrannicidam
891 395 924 457 et
962 391 1137 480 vindicem

161 482 209 547 rei
236 481 384 567 publicae
415 485 449 547 et
470 479 633 546 libertatis
657 483 860 548 auctoremc!
897 483 968 546 tum
992 480 1124 546 domum

161 571 285 637 reversi
306 591 475 636 narremus
494 569 606 635 liberis
625 570 767 647 11111111117
784 569 887 635 »haec
906 569 1012 635 virtus
1025 569 1125 636 habet

127 675 143 724 5
184 659 338 726 raemias.
375 680 417 724 an
449 659 565 743 aliquis
598 659 698 724 ctiam
729 661 839 724 rostra
871 659 1066 724 conscendet
1093 662 1126 724 et

161 681 231 834 iqui
262 769 429 833 supremus
453 747 550 812 claris
573 747 698 812 civibus
721 745 827 813 bonor
849 744 1003 833 habetur)
1028 748 1124 814 advo·

162 839 235 902 cata
257 837 371 922 populi
394 836 542 902 contione
565 835 678 901 laudes
701 835 781 921 cius,
804 857 900 920 quem
924 837 960 901 in
983 836 1057 901 foro
1076 858 1121 901 se-

161 925 285 1012 pulturi
309 947 430 1008 sumus,
453 924 621 990 concinet?
655 923 800 989 Audient
821 925 903 990 hacc
926 924 972 989 dii
994 925 1123 990 immor-

161 1015 260 1100 tales,
283 1015 339 1100 qui
362 1035 423 1079 nos
446 1012 634 1099 pestilencia
655 1013 893 1098 liberaverunt,
920 1013 976 1096 qui
1000 1015 1121 1098 gravis-

110 1120 144 1169 111
163 1104 264 1169 simos
287 1103 420 1170 morbos
443 1102 579 1189 propitii
601 1101 781 1168 miserunt?
801 1102 830 1168 si
848 1102 918 1167 ulla
936 1105 987 1167 est
1005 1102 1124 1167 dicenti

161 1191 257 1277 fides,
288 1193 355 1257 iam
386 1213 472 1259 nunc
499 1193 534 1257 in
561 1191 623 1257 hac
651 1191 848 1276 cogitatione
877 1194 975 1276 atque
1003 1192 1040 1255 in
1066 1190 1124 1256 hac

161 1301 271 1345 rerum
299 1280 445 1365 imagine
477 1283 625 1346 versatur
657 1302 748 1345 mens
777 1301 859 1344 mea.
905 1300 944 1344 cx
972 1279 1032 1344 illo
1060 1299 1125 1345 suc

162 1389 259 1433 censo
283 1369 418 1452 tyranni
439 1389 521 1453 rogo
545 1369 722 1435 surrecturi
744 1368 826 1433 mihi
848 1368 999 1452 protinus
1023 1367 1126 1432 morbi

162 1455 326 1523 ridentur:
354 1460 388 1521 et
415 1479 618 1543 quacumque
645 1457 757 1523 feralis
785 1457 842 1523 ille
870 1457 959 1542 ignis
986 1457 1023 1521 in
1052 1455 1125 1521 ciri·

110 1560 144 1610 15
161 1546 265 1609 tatem
288 1545 377 1610 diros
396 1545 472 1611 illos
491 1551 589 1632 atque
609 1546 806 1611 execrabiles
825 1545 992 1610 diffuderit
1009 1545 1127 1629 fumos,

163 1653 295 1720 gravem
328 1634 491 1719 quandam
523 1634 604 1719 <ac>
636 1635 842 1722 pestilentem
875 1635 997 1699 nubem
1030 1655 1126 1718 supra

163 1721 277 1788 domos
304 1726 435 1789 nostras
463 1745 501 1789 ac
527 1727 617 1789 tecta
647 1745 817 1789 sessuram.
864 1744 946 1808 quae
975 1726 1056 1788 tunc
1082 1743 1127 1787 re

164 1832 286 1896 sponsa
311 1811 449 1898 petituri
478 1811 612 1879 sumus?
644 1812 730 1897 qnod
757 1810 935 1877 auxilium?
968 1810 1126 1895 homines,

164 1901 220 1985 qni
252 1900 337 1967 hanc
371 1923 498 1987 quoque
534 1901 595 1967 diis
627 1900 869 1967 immortalibus
899 1900 1054 1965 iniuriam
1083 1899 1126 1964 fa

110 2003 144 2055 20
163 1989 279 2075 cimus,
307 1994 343 2055 ut
371 1990 541 2056 videantur
565 1989 708 2055 salutare
729 1988 811 2054 illud
835 1990 881 2054 rei
904 1989 1057 2073 publicae
1078 2008 1124 2053 re

164 2099 321 2161 sponsum
343 2099 403 2164 pro
427 2082 569 2162 tyranno
594 2078 729 2144 dedisse.

543 2304 746 2374 OOOXXX.

225 2426 465 2512 Abdicandus,
489 2428 553 2511 qui
576 2429 646 2496 alit
668 2427 872 2495 adulteram
895 2429 1062 2497 matrem.

110 2588 145 2639 111
165 2568 308 2637 Crimine
342 2570 493 2636 adulterii
525 2570 709 2656 repudiarit
740 2570 871 2655 quidam
904 2593 1053 2656 uxorem,
1091 2595 1127 2638 cx

254 2682 318 2747 qua
331 2660 480 2726 iuvenem
492 2660 637 2725 habebat
650 2659 761 2726 filium.
788 2659 976 2725 adulescens
993 2661 1127 2728 accessit

254 2749 295 2813 ad
317 2752 445 2833 patrem
468 2751 502 2814 et
524 2748 585 2834 ait,
608 2748 712 2814 amari
734 2771 753 2813 a
773 2771 806 2814 se
826 2747 1040 2816 meretricem.
1076 2750 1126 2815 dc·

254 2837 303 2901 dit
330 2839 502 2922 pecuniam
525 2839 574 2902 illi
596 2840 699 2922 pater.
734 2837 792 2902 ille
815 2841 954 2903 matrem
979 2843 1126 2924 egentem

255 2925 341 2990 alere
365 2928 486 3010 coepit,
508 2931 601 3011 patre
624 2928 806 3010 ignorante.
852 2928 1012 3010 comperit
1035 2931 1127 3012 pater

255 3016 287 3079 ct
310 3015 352 3079 ob
375 3015 437 3080 boc
461 3016 592 3082 abdicat
613 3016 725 3080 filium.

236 3213 252 3262 6
270 3206 378 3263 honora
396 3206 499 3263 habore
517 3211 595 3260 B-l’
618 3209 627 3279 ΙΙ
651 3211 667 3261 8
691 3207 746 3262 hoc
768 3211 801 3276 B,
825 3223 875 3264 om.
895 3211 936 3260 Aa
954 3210 963 3278 11
983 3213 999 3262 9
1018 3209 1126 3264 labera-

163 3280 265 3333 verunt
282 3283 323 3332 Aa
345 3281 355 3350 ss
380 3284 413 3333 12
438 3296 564 3335 successo
583 3282 661 3331 B-l’
683 3279 693 3348 ΙΙ
717 3283 750 3334 15
769 3280 855 3348 atque
874 3295 923 3335 om.
944 3282 965 3331 B
988 3281 999 3349 Ι]
1022 3277 1128 3335 diffurit

156 3346 384 3490 ἕθιοὲΙῃῑΙθθέίῴ
401 3349 446 3406 Fr
468 3351 478 3419 ΙΙ
500 3348 632 3420 pestilem
651 3353 719 3404 Aa!
737 3352 747 3420 ΙΙ
766 3356 800 3404 17
819 3366 952 3420 responso
972 3352 1066 3419 31128
1084 3349 1125 3404 illi
