2386 3816
121 240 133 263 ς
169 157 235 222 362
534 154 764 222 ournrnnru

152 342 235 387 -non
267 324 365 385 esset:
397 341 484 384 nunc
515 323 553 383 ut
585 319 629 384 sit
655 319 743 383 istud
765 318 982 402 tyrannicidio
1014 321 1133 404 simile,

139 409 141 414 ’
167 410 231 493 ipsi
249 413 360 474 tamen
378 408 535 492 praeferri
552 430 619 473 non
637 410 755 492 potest,
779 407 830 471 cui
849 407 955 472 simile
971 412 1029 473 est.
1052 430 1132 494 ergo

167 499 220 562 lex
247 497 343 563 nobis
372 496 428 562 dat
454 498 649 582 praemium,
678 496 740 560 tibi
768 518 834 561 non
863 497 926 562 dat.
973 496 1066 572 Quod
1091 499 1133 562 ad

167 587 361 672 religionem
380 587 523 652 iudicum
542 587 692 672 pertinet,
715 584 874 650 hactenus
894 607 1027 651 causam
1045 587 1133 652 finiri

133 694 149 742 5
170 677 250 740 satis
275 681 361 742 esset.

231 762 300 830 'sed
326 786 426 849 quare
453 786 520 830 non
547 764 614 828 iam
637 763 737 828 etiam
759 763 882 829 rationi
906 764 974 828 eius
997 787 1132 849 respon·

168 854 323 919 deamus?
362 875 434 918 cum
457 853 516 917 illa
539 852 677 937 quidem,
702 851 834 934 iudices,
857 853 998 937 primam
1021 857 1132 920 condi-

167 944 257 1008 cione
276 965 346 1008 esse
365 942 465 1008 istum
484 943 589 1007 bonae
607 941 788 1006 voluntatis
806 941 957 1026 fatemur,
978 943 1132 1027 cupidum

167 1031 329 1097 libertatis
354 1031 570 1097 concedimus:
594 1030 671 1095 dum
695 1033 727 1094 et
749 1030 805 1095 ille
827 1030 981 1114 fateatur,
1004 1054 1131 1098 essese

115 1139 283 1204 luparum
305 1121 438 1207 fortem;
464 1120 605 1186 fortasse
626 1119 707 1185 vitio
729 1119 939 1204 infirmitatis,
962 1121 1013 1185 vel
1037 1124 1132 1187 natu-

166 1209 230 1274 rali
257 1210 308 1274 vel
336 1209 423 1294 quod
452 1210 543 1295 ipsae
565 1231 624 1293 per
647 1229 681 1272 se
705 1208 813 1273 solent
836 1208 962 1273 adferre
986 1209 1131 1277 divitiae.

167 1299 268 1363 simus
308 1299 478 1364 voluntate
511 1297 669 1382 contenti3
707 1318 772 1362 non
804 1297 972 1382 exigamus
1006 1299 1048 1364 ab
1083 1322 1132 1383 ec,

166 1390 322 1469 quantum
354 1409 421 1452 non
450 1389 573 1472 potest:
606 1389 643 1450 ut
675 1386 788 1451 sciatis
820 1386 905 1451 hanc
937 1408 1007 1452 esse
1042 1389 1131 1454 inter

165 1475 245 1538 duos
273 1475 501 1558 differentiam,
527 1478 565 1539 ut
591 1474 747 1559 quidquid
774 1474 831 1538 ille
860 1475 975 1557 voluit,
1004 1476 1057 1541 hic
1082 1477 1130 1542 fe·

113 1581 145 1630 15
165 1563 255 1628 cerit.
287 1564 361 1629 volo
385 1563 472 1628 enim
494 1567 600 1628 tecum
624 1563 722 1648 loqui
757 1563 833 1648 quid
857 1564 897 1629 ad
917 1564 1000 1630 hano
1019 1565 1128 1650 legem

163 1653 209 1716 lta
250 1652 468 1737 conscriptam
509 1652 661 1717 audacter
696 1653 815 1717 venis?
875 1654 1131 1737 tyrannicidium

163 1745 256 1806 tuum
287 1763 354 1806 non
385 1742 456 1807 dioc
489 1741 652 1825 adprobo:
689 1740 832 1806 ostende.
882 1740 959 1826 quid
994 1742 1131 1809 fecisti?

162 1829 365 1916 „Pecuniam
389 1831 504 1916 inquit,
528 1829 629 1895 dedi.“
663 1828 724 1911 Ita,
747 1830 878 1915 iudices,
900 1831 965 1896 ista
987 1832 1042 1896 lex
1065 1834 1130 1898 emi

162 1920 296 2003 potest?
320 1921 362 1984 ad
386 1942 548 1986 summum
570 1919 604 1983 in
628 1919 810 2003 republica
832 1923 947 1986 nostra
968 1920 1130 1987 honorem

109 2026 144 2074 2ο
163 2030 229 2073 non
247 2010 382 2092 animus,
400 2031 468 2074 non
486 2009 599 2090 virtus,
617 2030 684 2073 non
702 2029 817 2073 manus
837 2009 950 2093 mittit,
973 2010 1030 2074 sed
1054 2033 1129 2077 arca

164 2103 196 2160 et
224 2095 451 2181 dispensator?
487 2098 569 2162 bene
592 2097 724 2162 hercule
747 2097 925 2182 negotiaris
948 2104 978 2163 et
1000 2103 1130 2185 excogi-

162 2186 241 2248 tasti
259 2207 324 2250 non
344 2184 505 2251 mediocre
523 2208 590 2251 non
612 2185 685 2253 dico
703 2185 811 2250 famae
833 2189 930 2271 atque
954 2188 1131 2272 opinionis,

162 2273 218 2337 sed
250 2274 438 2357 patrimonii
470 2275 569 2340 etiam
596 2275 660 2359 tui,
692 2297 764 2340 cum
793 2275 915 2360 alioqui
938 2277 1129 2362 abundaret,

161 2362 396 2447 compendium.
447 2362 511 2449 dic,
544 2363 595 2429 dio
627 2365 741 2448 quanti
774 2365 905 2445 emeris,
928 2365 987 2447 <ut
1009 2369 1128 2451 optes>

109 2469 142 2517 25
162 2453 243 2534 quod
276 2451 367 2518 velis.
419 2457 457 2518 tu
489 2453 570 2518 mibi
603 2452 682 2517 dicis
704 2454 897 2537 „pecuniam
925 2454 998 2518 dedi
1025 2459 1059 2520 et
1088 2480 1128 2522 ex

165 2541 271 2605 otiosa
300 2541 426 2607 iacente
449 2541 641 2626 patrimonii
663 2544 756 2626 parte
781 2541 903 2627 aliquid
924 2547 1128 2631 numeravi“:

234 2649 301 2698 1-2
321 2645 383 2700 sim.
403 2645 427 2699 si
445 2645 482 2715 ip.
501 2649 577 2714 ³l4
595 2646 696 2702 causae
712 2648 788 2716 Alb
808 2649 851 2700 est
865 2651 896 2715 Δ,
916 2648 982 2703 estis
1001 2653 1032 2716 B,
1052 2666 1122 2708 corr.

159 2715 216 2770 Aer
229 2715 239 2785 [1
254 2723 270 2771 6
289 2716 413 2784 pactioni
426 2719 457 2784 Δ,
476 2717 616 2787 pactionis
630 2721 659 2786 B,
679 2733 747 2773 corr.
762 2717 822 2782 aa
841 2717 990 2773 iactationi
1004 2720 1047 2775 Gr
1060 2722 1070 2791 Ι
1084 2724 1123 2777 ei’

158 2803 216 2840 non
233 2803 305 2856 resp.
325 2791 345 2839 B
360 2790 369 2858 l
388 2792 456 2842 ⁷—8
475 2787 568 2858 prima
586 2786 758 2843 confessione
773 2793 830 2856 AB,
850 2805 920 2844 corr.
941 2788 984 2844 Gr
997 2792 1007 2860 ΙΙ
1022 2798 1057 2846 10
1076 2811 1128 2862 pa·

158 2874 221 2910 rum
238 2860 348 2926 partem
365 2858 385 2911 f.
404 2864 445 2911 Δι
462 2863 482 2911 Β
501 2861 511 2928 ΙΙ
536 2865 567 2913 12
588 2859 670 2913 simul
688 2860 733 2929 ΒΙΙ
757 2866 790 2914 13
809 2877 865 2914 non
884 2876 933 2915 om.
953 2864 998 2932 ΒΗ
1023 2869 1057 2918 14
1076 2865 1127 2920 ille

159 2942 209 2984 om.
228 2928 320 2996 nult
339 2929 404 2983 volo
423 2929 481 2984 iam
499 2929 534 3000 (ἓ)
552 2931 596 2985 Ro
618 2933 628 2999 u
652 2936 756 2985 15-16
775 2931 1128 3005 legem·fu·tsoriptam

159 3003 194 3066 Δ,
221 2998 315 3068 legem
337 3001 370 3052 tu
393 3000 542 3070 conscript.
566 3006 601 3068 B,
627 3018 695 3056 corr.
714 3001 759 3057 Ro
781 3005 791 3073 l
815 3008 847 3057 18
866 3013 901 3050 w
920 3005 953 3058 ia
970 3021 1059 3077 maro.
1079 3012 1102 3059 Δ
1118 3010 1127 3079 ll

158 3068 241 3123 iudex
258 3075 304 3138 Bb,
324 3068 390 3125 vide
408 3071 521 3141 Puiuta
538 3077 617 3127 orm
630 3075 639 3143 l
653 3079 758 3128 20-21
777 3077 856 3128 arcet
874 3075 901 3129 d.
920 3080 941 3128 B
979 3082 1012 3131 21
1030 3079 1127 3135 ercole

159 3145 183 3194 Δ
208 3144 218 3212 ΙΙ
246 3140 407 3210 *negotiari
435 3142 484 3197 sed
512 3147 574 3209 AB,
597 3144 763 3213 negotiaris,
793 3145 842 3199 sed
870 3148 929 3202 edd.
987 3154 1021 3202 22
1042 3165 1127 3207 exco-

158 3212 257 3281 gitasti
275 3218 323 3280 Aa,
343 3213 510 3282 excogitatis
527 3217 572 3285 ΒΗ
586 3221 620 3269 23
640 3215 796 3271 abundares
815 3216 859 3273 Fr
872 3221 881 3288 ΙΙ
895 3224 930 3273 24
948 3217 1003 3291 <ut
1021 3221 1127 3295 optes>

160 3282 202 3338 Gr
225 3287 235 3354 ΙΙ
257 3291 292 3339 26
311 3284 379 3354 quid
398 3289 455 3354 AB,
470 3301 543 3340 corr.
563 3288 620 3341 Aer
643 3288 653 3355 ΙΙ
675 3286 741 3342 dedi
758 3287 872 3344 virtutis
890 3289 997 3345 famam
1015 3293 1128 3349 redemi

159 3389 217 3426 non
232 3390 316 3443 posse
336 3376 365 3428 et
383 3375 435 3430 etc.
455 3375 501 3444 ΔΙΙ
519 3381 624 3430 25-26
644 3376 770 3431 exoeiose
790 3379 819 3432 et
835 3363 869 3434 et
883 3381 997 3434 tacente
1015 3384 1036 3433 B
1055 3383 1066 3452 ΙΙ
1090 3389 1127 3438 26

141 3445 322 3513 patrimonio
339 3451 380 3502 Ba
