2386 3816
358 186 481 243 TITULI
498 186 830 244 DECLAMATIONUM.
981 190 1072 245 XXXI

111 328 267 386 CCCXXV.
286 327 436 384 Hereditas
454 328 696 385 fideicommissa.

111 399 279 456 CCCXXVI.
298 399 399 469 Legati
416 398 491 455 iilius
510 400 626 455 victima
643 398 832 470 pestilentiae.

110 470 292 527 CCCXXVII.
313 469 423 526 sterilis
441 470 528 525 trium
544 487 670 527 noverca.

110 541 308 598 CCCXXVIII.
327 540 475 596 Discordes
493 540 601 596 fratres.

109 612 278 668 CCCXXIX.
298 612 449 682 Sepultura
465 613 587 682 tyranni,
606 611 703 681 quise
722 612 834 669 occidit.

109 682 265 738 CCCXXX.
285 681 463 738 Abdicandus
482 682 531 752 qui
548 683 601 738 alit
619 682 777 739 adulteram
795 685 920 739 matrem.

109 753 277 810 CCCXXXI.
295 752 344 808 Bis
363 755 512 809 damnatus
530 752 704 823 iniuriarum,
722 755 806 810 tertio
824 754 977 811 absolutus.

109 824 292 880 CCCXXXII.
311 823 415 879 Divitis
434 825 463 878 et
479 825 610 894 pauperis
628 825 805 880 testamenta.

109 893 304 951 CCCXXXIII.
324 895 384 950 Pau
405 912 435 950 er
452 893 585 964 impensis
603 894 700 950 divitis
720 896 847 951 disertus.

109 965 304 1022 CCCXXXIV.
322 914 478 1020 Proditoris
497 967 641 1022 accusator
659 983 693 1022 ex
712 967 865 1039 defensore.

109 1035 289 1092 CCCXXXV.
307 1035 423 1092 Infamia
441 1036 471 1091 in
487 1052 637 1092 novercam
656 1036 825 1092 vulneratus.

109 1107 303 1164 CCCXXXVI.
322 1108 399 1176 Ager
416 1107 572 1163 communis
590 1109 619 1162 et
636 1123 726 1162 novae
744 1108 865 1165 tabulae.

109 1177 317 1234 CCCXXXVII.
337 1177 444 1234 Seditio
461 1178 561 1248 populi
579 1181 608 1233 et
626 1178 774 1234 exercitus.

110 1248 328 1305 CCCXXXVHI.
348 1248 395 1302 Lis
414 1250 448 1303 de
467 1250 527 1305 filio
542 1249 712 1321 expositoris
731 1251 761 1304 et
777 1249 948 1318 repudiatae.

110 1319 303 1374 CCCXXXIX.
323 1319 445 1390 Rogatio
463 1319 666 1375 Demosthenis.

110 1389 235 1446 CCCXL.
255 1389 387 1446 Novitius
406 1392 607 1460 praetextatus.

109 1459 248 1517 CCCXLL
266 1461 321 1516 Res
338 1462 445 1516 fortiss
462 1461 630 1531 improiessa
647 1461 723 1531 apud
741 1461 914 1530 publicanos.

110 1531 262 1588 CCCXLII.
281 1532 394 1587 Ancilla
413 1531 442 1586 in
461 1531 649 1603 archipiratae
667 1533 780 1602 nuptias
799 1533 890 1589 missa

110 1601 275 1673 CCCXLJII.
294 1603 523 1674 Circumscriptor
541 1603 679 1673 pauperis,
698 1603 796 1660 divitis
812 1605 933 1673 raptoris
952 1622 1037 1662 socer.

110 1673 273 1729 CCCXLIV.
293 1674 451 1744 Redempta
468 1674 600 1729 meretrix
620 1690 638 1727 a
656 1672 744 1730 divite
762 1676 894 1745 pauperis
911 1675 979 1732 filio.

109 1743 261 1800 CCCXLV.
280 1744 390 1814 Pauper
408 1746 444 1799 ad
462 1743 681 1814 tyrannicidium
698 1745 826 1800 mercede
846 1747 1007 1803 conductus.

111 1814 274 1870 CCCXLVI.
294 1814 383 1870 Tutor
400 1815 453 1869 filii
470 1816 513 1870 sui
531 1815 560 1869 in
579 1816 760 1885 adoptionem
779 1816 848 1874 dati.

110 1885 288 1941 CCCXLVII.
307 1885 431 1941 Absente
450 1887 551 1941 marito
570 1904 665 1941 rumor
683 1888 713 1941 et
729 1887 854 1957 nuptiae.

111 1956 302 2012 CCCXLVIII.
321 1959 390 2012 Cum
408 1957 597 2027 proditoribus
616 1972 710 2012 carcer
727 1958 865 2013 incensus.

111 2026 275 2082 CCCXLIX.
294 2028 426 2098 Raptoris
444 2030 533 2097 pater,
552 2027 710 2084 dementiae
727 2045 798 2084 reus.

111 2097 209 2154 CCCL.
229 2098 311 2167 Aqua
328 2099 433 2169 frigida
451 2099 582 2168 privigno
602 2099 675 2152 data.

111 2169 224 2224 CCCLI.
244 2169 315 2224 Exul
334 2169 417 2224 iudex
435 2169 598 2238 tyrannidis.
803 2232 810 2249 .

110 2239 233 2294 CCCLII.
249 2240 323 2295 Reus
329 2239 494 2309 tyrannidis,
500 2240 549 2310 qui
558 2238 725 2294 deliberavit
734 2239 825 2295 victor
834 2256 912 2294 arma
922 2239 1067 2309 deponere.

110 2308 250 2366 CCCLIII.
269 2311 482 2381 Dispensatores
500 2309 576 2366 torti.

112 2380 252 2437 CCCLIV.
271 2382 407 2436 Morietur
424 2384 576 2451 antequam
595 2379 689 2435 nubat.

112 2452 237 2507 CCCLV.
259 2452 346 2507 Tutor
364 2451 499 2508 lenocinii
516 2469 587 2508 reus.

109 2521 248 2578 CCCLVI.
267 2523 355 2577 Filius
372 2540 423 2592 pro
442 2522 588 2578 meretrice
606 2522 696 2593 patris
715 2538 794 2577 suam
812 2520 960 2576 redimens.

110 2593 260 2649 CCCLVII.
279 2594 356 2649 Uxor
373 2612 432 2648 non
449 2594 608 2662 relinquens
627 2593 663 2648 ob
682 2593 852 2647 adulterium
871 2596 1014 2648 caecatum

110 2663 274 2720 CCCLVIII.
295 2664 430 2735 Exposito
449 2664 584 2734 pulsatori
603 2667 766 2733 amputatae
783 2681 890 2718 manus.

110 2733 248 2792 CCCLIX.
269 2735 315 2790 Lis
333 2735 478 2804 publicani
496 2736 530 2789 de
549 2733 705 2791 unionibus.

110 2804 234 2861 CCCLX.
254 2807 300 2860 Lis
320 2808 354 2861 de
374 2806 486 2861 dotibus
506 2821 601 2859 socrus
620 2807 649 2858 et
667 2824 759 2860 nurus.

111 2875 248 2933 CCCLXI.
268 2877 395 2946 Depositi
414 2875 490 2946 rapti
508 2875 704 2949 quadruplum.

110 2947 261 3003 CCCLXII.
280 2947 404 3003 Invicem
422 2948 580 3016 pulsatores
597 2947 717 3015 patrum.

111 3016 272 3073 CCCLXIII.
292 3018 447 3087 Vestiplica
463 3035 514 3087 pro
534 3017 654 3071 domina.

111 3088 274 3144 CCCLXIV.
295 3089 471 3145 Conviciator
488 3105 596 3160 pauper
614 3086 728 3143 occisus.

111 3158 262 3214 CCCLXV.
282 3161 323 3213 De
341 3160 370 3214 vi
388 3163 496 3230 septem
514 3160 628 3215 iudices.

112 3229 274 3285 CCCLXVI.
293 3232 415 3300 Legatos
434 3230 507 3285 filius
525 3229 676 3301 proditoris
696 3227 812 3283 occisus.

111 3299 286 3356 CCCLXVII.
306 3301 453 3357 Luxuriosi
470 3306 552 3370 pater
570 3301 660 3356 fortis.

112 3370 299 3427 CCCLXVlll.
318 3372 404 3427 Alens
421 3373 531 3441 patrem
549 3374 632 3443 rapta
650 3370 792 3429 abdicata.

112 3441 267 3496 CCCLXIX.
286 3442 380 3498 Armis
395 3443 539 3515 sepulchri
558 3447 660 3506 victor.
