2386 3816
362 156 681 216 DECLAMATIONES.
701 158 815 215 ccclv.
1032 160 1074 225 39

429 320 764 388 DECLAMATIO.

176 408 215 476 Si
230 415 287 477 aut
305 410 411 476 minus
424 411 624 477 verecundus
643 415 729 477 esset
743 412 780 497 is,
794 433 890 497 quem
905 412 1075 497 rogatione

114 522 183 567 mea
207 501 350 570 retinere
371 500 407 565 in
429 501 560 567 civitate
583 501 754 581 constitui,
783 506 840 567 aut
862 501 981 567 iudicia
1002 501 1075 568 feli-

112 590 177 656 cius
201 593 367 674 expertus:
392 589 474 654 nihil
498 589 657 673 contione,
679 590 763 654 nihil
785 591 969 674 conscripto
992 612 1074 674 meo,

110 678 194 744 nihil
222 677 359 763 denique
387 700 487 764 opera
513 678 692 764 rogationis
723 699 804 764 opus
828 682 924 744 esset.
961 680 1109 764 primas

110 767 215 852 igitur
242 788 351 833 carere
376 767 438 833 hac
465 767 588 833 invidia
614 767 667 832 vel
690 770 826 853 propter
847 766 910 833 hoc
932 791 1074 853 possum,

110 856 265 936 Quirites.
296 876 393 921 nemo
412 856 498 922 enirn
520 855 701 939 crediderit,
723 879 775 922 me
798 861 951 942 rogatum
975 858 1074 923 abeo

110 944 152 1010 sd
176 941 467 1030 vosprocessisse,
497 946 554 1030 qui
579 945 651 1030 ipse
684 951 722 1010 ut
751 949 918 1011 remancat
940 966 1005 1011 non
1028 946 1074 1010 la·

108 1034 215 1100 horat
260 1032 384 1099 Verum
411 1035 467 1112 ille
494 1035 625 1119 quidem
652 1034 787 1114 multas,
819 1038 917 1119 atque
947 1035 1075 1100 utinam

109 1124 218 1189 minus
241 1126 399 1208 potentes,
423 1122 521 1190 haias
543 1123 704 1209 propositi
727 1123 778 1188 sni
801 1145 917 1189 causas
939 1124 1073 1190 habeat:
1096 1140 1128 1189 10

109 1233 173 1299 ego
191 1216 322 1297 praeter
339 1215 447 1278 cetera
464 1214 598 1297 propter
614 1210 677 1276 hoc
693 1232 820 1296 quoque
836 1233 909 1277 eum
923 1213 1074 1278 existimo

110 1323 182 1367 esse
200 1301 415 1385 retinendum,
433 1302 519 1386 qnod
538 1300 747 1368 manifestum
760 1301 848 1379 fecit,
866 1301 907 1366 ad
920 1301 1075 1368 indicium

109 1390 293 1475 tyrannidis
313 1390 494 1456 adfectatae
513 1390 640 1456 venisse
658 1411 724 1455 non
742 1391 930 1457 remanendi
952 1391 1075 1477 cupidi·

110 1484 190 1545 tate.
223 1479 391 1564 quodnisi
409 1479 670 1546 vetustissimum
683 1479 743 1563 ius,
762 1478 915 1564 Quirites,
932 1501 997 1564 eos,
1020 1480 1076 1565 qui

109 1572 238 1635 secreta
267 1567 309 1633 ad
339 1589 409 1633 rem
440 1568 604 1652 publicam
641 1569 838 1653 pertinentia
868 1569 1075 1651 indicassent,
1095 1583 1128 1633 15

110 1677 278 1723 remanere
306 1657 342 1722 in
373 1657 506 1724 civitate
538 1657 701 1723 iussisset:
736 1657 876 1723 forsitan
905 1658 1075 1724 dicendum

111 1746 195 1812 mihi
212 1745 396 1812 necessario
416 1747 644 1831 existimarem,
662 1768 726 1831 qua
744 1747 852 1831 gratia
869 1746 923 1813 hic
936 1769 1075 1832 pressus,

109 1836 232 1920 quibus
255 1835 432 1901 inimicitiis
454 1837 491 1900 in
513 1836 645 1901 exilium
668 1839 755 1901 esset
777 1839 878 1902 actus.
919 1835 976 1901 scd
998 1834 1076 1920 quid

110 1946 245 1991 necesse
270 1929 320 1990 est
341 1928 488 2011 repetere
510 1925 600 2009 haec,
623 1946 707 2009 quae
724 1923 863 1990 videtis?
889 1928 923 1988 et
936 1923 1022 2007 quod
1036 1923 1076 1989 ad

108 2014 258 2080 animum
280 2013 410 2099 quidem
432 2015 523 2081 illins
546 2013 702 2099 pertinet,
729 2013 810 2078 satis
833 2012 926 2079 vobis
949 2014 1013 2097 est,
1039 2035 1060 2077 u
1094 2028 1129 2078 ao

111 2104 281 2188 existimo,
317 2105 488 2189 probatus:
529 2102 614 2188 quod
655 2123 852 2188 quamquam
894 2103 1076 2184 damnatus,

111 2213 311 2277 quamquam
333 2193 369 2258 in
392 2193 525 2259 exilium
544 2196 643 2277 actus,
665 2191 864 2278 reipublicae
883 2196 994 2259 tamen
1011 2213 1077 2257 non

114 2281 226 2366 potuit
246 2281 359 2348 irasci:
377 2282 529 2349 indicium
552 2281 717 2367 professus
741 2285 799 2348 est.
836 2281 1010 2346 viderimus
1034 2303 1076 2345 an

114 2392 242 2442 verum:
265 2370 397 2437 interim
413 2374 526 2437 tamen
538 2371 621 2437 nihil
634 2393 708 2436 eum
721 2370 854 2436 finxisse
868 2370 1082 2436 manifestum·

112 2463 179 2538 est,
207 2459 294 2545 quod
323 2461 511 2547 persuaderi
541 2466 610 2527 tam
643 2459 758 2525 multis
786 2460 897 2544 utiquc
924 2459 1077 2543 potuerit.
1096 2473 1129 2523 aa

113 2570 247 2615 causam
266 2572 332 2635 qua
353 2549 541 2616 condicione
562 2549 681 2614 dixerit
701 2548 882 2633 damnatus,
900 2549 984 2632 exul,
1002 2569 1076 2613 con-

113 2642 166 2703 tra
193 2642 376 2723 potentem,
403 2643 519 2705 contra
546 2639 743 2724 gratiosum,
769 2637 846 2722 qnid
872 2659 1003 2703 necesse
1027 2640 1076 2702 est

109 2726 169 2792 din
201 2726 319 2812 dicere,
351 2728 480 2814 quando
508 2729 537 2794 is
564 2729 670 2793 exitus
698 2726 808 2793 iudicii
834 2728 909 2811 fuit,
941 2730 978 2793 ut
1008 2748 1076 2792 non

113 2817 223 2901 plures
247 2819 428 2883 sententiae
450 2840 509 2902 pro
534 2816 718 2883 adversario
739 2816 883 2882 fuerint?
905 2838 972 2882 non
991 2816 1077 2881 enirn

114 2926 212 2970 causa
235 2905 340 2973 rictus
363 2909 430 2991 est,
452 2907 509 2972 sed
530 2905 672 2992 legibus,
696 2906 752 2972 sed
774 2905 905 2990 publica
927 2905 1076 2971 humani·
1096 2920 1130 2970 30

113 2998 194 3062 tate.
215 3017 298 3080 qnae
320 2996 451 3081 quidem
473 2997 545 3080 ipsa
567 3017 620 3060 me
638 2995 674 3060 in
687 2995 749 3062 hoc
768 2995 941 3061 exhortata
960 3000 1018 3079 est,
1040 2998 1077 3060 ut

113 3084 317 3170 rogationem
344 3084 386 3151 ad
409 3107 467 3152 vos
490 3084 529 3151 dc
553 3083 722 3152 retinendo
746 3084 814 3151 cive
837 3084 955 3150 ferrem
977 3085 1012 3150 in
1035 3085 1077 3150 ci·

114 3174 214 3239 vitate
236 3179 305 3240 tam
329 3174 546 3241 misericorde.

185 3284 203 3331 4
222 3277 327 3348 scripto
344 3280 419 3350 But
438 3276 610 3349 operationis
628 3294 687 3349 rog.
700 3281 724 3330 Δ
737 3279 746 3348 ΙΙ
760 3276 884 3348 primum
894 3278 933 3332 Pi
945 3280 955 3349 ΙΙ
970 3282 986 3332 6
1004 3279 1076 3334 hanc

115 3351 156 3401 Aa
169 3351 208 3419 [17
231 3348 323 3405 habeo
341 3356 364 3402 Δ
382 3353 392 3420 ΙΙ
412 3356 446 3406 16
465 3349 494 3404 in
514 3349 629 3404 civitate
647 3365 697 3405 om.
717 3353 758 3402 Aa
775 3351 784 3418 ss
803 3353 838 3403 24
856 3348 947 3405 virum
965 3352 1006 3402 Aa
1019 3351 1028 3419 tt
1042 3354 1077 3404 28

115 3419 160 3474 his
179 3422 274 3489 Anto
293 3438 405 3476 causam
423 3425 464 3476 Aa
475 3423 487 3494 i
500 3421 569 3478 iust’
589 3424 610 3476 B
629 3421 640 3494 ss
658 3426 765 3480 tisstt
785 3437 860 3494 dnae
878 3439 908 3493 a„
920 3420 946 3477 'a
961 3419 1093 3477 msam.

109 3505 131 3542 a
152 3505 173 3544 e.
195 3508 220 3546 a.
237 3509 259 3545 r.
279 3508 304 3547 a.
327 3509 349 3548 r.
372 3493 396 3550 d.
418 3514 441 3552 r.
462 3513 484 3554 o.
506 3496 527 3558 f.
542 3495 561 3556 i.
580 3496 701 3558 civitate
723 3514 778 3560 om.
794 3502 837 3555 ka
