2386 3816
358 196 678 255 DECLAMATIONES.
706 199 834 257 CCLXX.
1016 205 1077 270 101

108 363 178 428 ista
197 361 405 428 simulatione
423 363 532 448 homo,
551 385 647 448 quem
665 387 723 431 nec
742 368 906 431 tormenta
920 368 1076 435 vicerunt.

111 449 218 518 omnis
247 452 315 517 litis
345 451 478 518 huiusce
506 475 605 520 causa
627 453 709 519 mihi
731 455 765 519 in
788 456 852 521 hcc
875 460 938 542 est,
965 461 1003 522 ut
1026 457 1078 522 de·

109 540 244 606 feudum
267 540 426 627 pudorem
449 564 566 608 meum.
597 543 646 608 Tu
663 547 776 608 tamen
794 545 912 624 inveni,
934 546 992 610 ubi
1009 569 1079 631 per-

110 630 265 696 diderim!
288 631 416 696 nescis?
439 633 571 717 quaere!
601 632 637 697 hi
660 633 747 698 servi
770 656 789 697 a
812 655 864 699 me
886 656 954 699 non
975 657 1076 702 reces-

109 725 239 786 serunt:
272 720 307 786 hi
340 721 462 786 conscii
496 725 573 786 sunt
605 722 764 809 omnium3
796 723 831 787 hi
863 723 945 787 mihi
981 724 1113 792 irascit

111 813 266 897 possunt,
289 811 318 875 si
341 811 513 876 tormentis
538 811 606 876 sinc
630 833 729 876 causa
752 812 939 878 offeruntur.
984 812 1078 899 ,lton

111 903 164 964 est
190 905 301 965 tamen
325 921 478 985 aequum,
508 900 690 986 comparari
713 900 810 966 fidem
833 905 1079 968 tormentorum.

112 1011 152 1054 ex
176 990 282 1054 altera
303 993 398 1073 parte
421 988 517 1055 liberi
540 993 574 1054 et
596 989 729 1075 ingenui
752 990 833 1055 torti
857 994 943 1076 sunt,
973 1013 1012 1056 ex
1035 992 1080 1057 al-

108 1083 183 1143 tere
214 1081 308 1164 parte
342 1078 454 1144 servi.“
497 1076 574 1144 Non
605 1077 686 1144 facit
721 1082 824 1145 states
856 1080 1080 1166 pertinaciam,

112 1167 172 1233 scd
190 1190 289 1233 causa
307 1167 495 1233 mentiendi.
532 1189 610 1254 ergo
630 1168 791 1253 quomodo
807 1175 868 1254 ego
888 1169 972 1235 dico:
990 1192 1078 1256 »per—
1099 1187 1132 1236 10

111 1257 286 1342 severasti,
317 1260 355 1321 ut
385 1258 558 1342 pecuniam
587 1255 807 1341 lucrifacerem
841 1262 999 1344 spectasti
1031 1281 1079 1324 se·

113 1347 249 1433 quentia
266 1350 425 1431 tempora,
449 1346 604 1432 spectasti
617 1347 770 1432 lucrum«,
793 1347 841 1413 sic
853 1351 891 1413 tu
905 1348 970 1414 dic:
994 1349 1079 1414 servi

111 1436 179 1501 mei
202 1435 279 1522 quid
303 1437 482 1520 spectaturi
507 1434 605 1500 sunt?
633 1435 709 1521 quid
733 1458 773 1501 ex
795 1435 857 1502 hoc
880 1459 1077 1523 consequen·

111 1525 190 1591 tur?
215 1529 248 1590 et
266 1547 325 1590 vos
345 1525 474 1611 quidem
490 1530 650 1609 tyrannus
671 1521 722 1610 (ut
739 1526 928 1610 parcissime
948 1525 1078 1614 loquar)

111 1615 252 1680 dimisit:
283 1619 320 1680 tu
352 1615 488 1679 arbitrio
521 1619 577 1679 tuo
610 1618 740 1700 torque:
773 1615 928 1700 quidquid
960 1631 1129 1700 passus1t

111 1727 161 1788 es,
192 1702 346 1790 quidquid
380 1703 505 1768 adicere
537 1703 751 1769 inveniendae
783 1704 931 1769 veritatis
968 1706 1077 1790 gratia

111 1797 223 1881 potes,
251 1793 382 1876 adhibe,
410 1792 486 1858 dum
515 1793 647 1877 spiritus
672 1793 748 1876 erit,
776 1793 853 1857 dum
875 1793 966 1877 loqui
989 1797 1079 1877 pote-

110 1888 201 1950 runt.
230 1905 356 1968 quaere,
376 1905 417 1948 sn
434 1885 569 1968 negent:
593 1885 626 1946 et
645 1881 673 1946 si
691 1882 979 1966 perseveraverint,
998 1881 1079 1947 aude

115 1973 233 2058 dicere,
256 1972 404 2038 homines
427 1971 463 2036 in
485 1971 657 2036 tormentis
682 1969 787 2036 solere
811 1971 951 2035 mentiri.

405 2332 408 2336 Δ
516 2236 684 2306 cclxx.

332 2363 449 2448 Rapta
472 2381 518 2431 ex
542 2364 684 2430 duatus.
704 2364 869 2444 geminis.

113 2511 183 2589 Qur
208 2527 319 2576 causa
342 2526 472 2576 MORTIS
496 2527 632 2593 uuum,
656 2525 782 2574 CAPITE
806 2525 993 2573 PUNIATUR.
1029 2507 1081 2574 Ex

208 2600 333 2665 duabus
358 2599 496 2685 geminis
520 2598 709 2664 adulescens
734 2598 868 2662 alteram
892 2598 1009 2681 rapuit.
1042 2620 1081 2664 ea

207 2712 240 2756 se
256 2688 432 2774 suspendit.
454 2692 548 2772 pater
563 2689 701 2753 alteram
719 2687 830 2751 eduxit
849 2687 889 2751 ad
908 2687 1082 2772 magistra-

204 2783 259 2844 tus
288 2783 321 2844 et
347 2778 513 2862 praecepit
541 2777 606 2862 illi,
633 2780 670 2841 ut
698 2780 836 2841 mortem
860 2776 1001 2861 raptoris
1025 2799 1080 2862 cp·
1101 2790 1135 2839 25

205 2872 301 2934 taret.
346 2867 535 2932 adulescens
563 2866 693 2950 putavit
721 2887 791 2931 eam
816 2887 887 2931 esse
911 2886 1007 2950 quam
1031 2889 1081 2932 ra-

206 2961 329 3043 puerat.
376 2956 449 3021 duci
477 2977 550 3021 eum
581 2955 678 3021 iussit
700 2955 922 3040 magistratus.
967 2959 1082 3039 postea

189 3159 205 3208 2
226 3168 322 3208 omnes
340 3151 405 3206 lites
418 3150 534 3205 huiusce
549 3165 649 3205 causae
667 3154 715 3202 ΔΒ
729 3150 768 3219 113
787 3147 960 3219 perdiderim
978 3164 1081 3218 quaere

117 3228 151 3280 tu
171 3224 245 3280 servi
262 3229 291 3292 B,
309 3221 481 3293 perdiderim
499 3219 589 3276 nescis
607 3221 680 3276 servi
698 3223 739 3292 cu
758 3226 774 3275 6
792 3221 938 3275 termeutis
957 3225 980 3272 Δ
994 3221 1033 3291 {18
1053 3222 1082 3276 et

116 3313 167 3352 om.
187 3302 211 3350 Δ
233 3299 243 3366 l
266 3301 282 3350 9
302 3293 392 3351 *servi
410 3290 656 3368 (torquebuntur)
675 3291 711 3361 (ἓ)
736 3294 745 3362 l}
767 3291 824 3346 ista
841 3307 885 3346 res
903 3296 988 3360 ABG,
1012 3308 1081 3347 corr.

119 3368 161 3424 Gr
185 3370 195 3438 ΙΙ
218 3374 252 3422 10
272 3383 324 3438 ego
343 3366 483 3437 quomodo
503 3365 568 3420 dico
586 3369 610 3417 Δ
627 3367 637 3433 ss
654 3363 840 3434 perseveretis
857 3367 878 3415 B
901 3365 911 3432 ΙΙ
935 3369 968 3418 13
988 3380 1083 3418 conse·

118 3443 219 3496 cuntur
237 3441 304 3508 Aul!
324 3444 357 3492 15
376 3440 428 3494 tor.
450 3439 479 3493 et
497 3455 541 3507 qu.
561 3438 652 3509 31117
674 3433 869 3492 adhibendum
887 3452 954 3507 spes
971 3433 1104 3504 entatu

113 3518 151 3564 18
167 3513 218 3562 aut
234 3510 342 3563 edicere
361 3515 381 3561 0
389 3511 405 3580 ff
416 3515 448 3564 21
471 3527 485 3565 e
503 3511 600 3583 Bsstss
621 3512 749 3586 putabat
767 3518 786 3568 c
