2386 3816
457 187 674 247 PRAEFATIO.
1008 196 1046 251 IX

79 337 131 397 vel
150 336 375 413 argumentatio
393 336 547 397 subtiliter
566 339 655 399 ducta
668 341 719 401 vel
732 341 828 402 finitio
843 342 1048 419 significanter

81 435 248 496 constituta
270 433 461 512 designatur,
488 437 808 511 comprehendentibus
835 440 969 501 breviter
996 461 1044 502 ar·

82 534 261 609 gumentnm
283 532 329 592 rei
349 532 401 592 vel
423 535 562 609 apposita
584 537 673 595 notae
696 556 782 611 voce,
807 539 857 599 vel
882 553 929 616 Ν,
959 550 981 621 q
1008 540 1045 598 li-

82 634 218 690 terarum
241 630 421 706 compendiis
444 632 530 706 qnasi
554 632 649 710 digito
673 653 738 692 eam
758 636 1047 714 demonstrantibns3

83 729 199 788 alterae
226 728 313 804 illae,
345 747 422 803 quae
449 728 590 788 videntur
617 749 635 790 a
662 734 859 807 grammatico
886 735 1047 812 profectae,

84 827 227 902 repetunt
252 825 420 903 singulares
444 827 560 903 aliquas
587 846 688 903 voces,
712 831 861 906 scriptura
886 833 933 893 vel
957 833 1046 892 decli·

83 925 206 984 natione
233 924 282 985 vel
311 923 525 1000 significatione
553 927 763 988 memorabiles
786 920 904 1009 (plenas
928 931 1046 1007 partim,

84 1023 197 1099 partim
214 1023 325 1083 omisso
344 1022 376 1081 in
395 1041 453 1099 quo
472 1023 548 1081 nihil
566 1025 712 1084 momenti
730 1029 777 1085 est
791 1022 901 1108 exitu),
921 1028 1047 1105 denique

85 1121 123 1180 ad
151 1120 378 1196 dispositionem
406 1120 559 1196 pertinent
585 1121 652 1180 illa:
683 1125 832 1202 narratio,
859 1129 1047 1203 argumenta,

60 1217 206 1299 ,similia

153 1316 235 1387 Quas
258 1321 346 1376 notas
370 1335 472 1377 omnes
495 1317 595 1393 recepi
612 1317 645 1375 in
664 1321 843 1394 apparatum
862 1320 998 1380 criticum
1018 1323 1048 1381 et

86 1415 217 1475 diductis
239 1415 337 1475 literis
361 1414 493 1474 distinxi.
925 1488 929 1495 ι

154 1509 275 1571 Contuli
288 1512 401 1571 librum
414 1530 491 1573 anno
508 1512 603 1588 1880,
616 1533 718 1575 mense
733 1517 904 1593 septembri.
938 1517 1048 1577 Postea

86 1629 154 1671 eum
182 1611 341 1670 adornanti
368 1610 443 1669 mihi
470 1609 631 1670 editionem
661 1614 807 1674 nonnulla
833 1633 941 1690 parum
967 1619 1049 1676 certa

87 1713 189 1769 essent
218 1709 297 1783 visa,
329 1709 367 1768 de
395 1709 437 1768 eis
466 1709 538 1769 locis
567 1709 690 1771 edoctus
718 1729 772 1788 per
802 1712 907 1772 literas
936 1731 1003 1772 snm
1030 1733 1049 1772 a

86 1807 152 1868 viro
171 1805 344 1866 doctissimo
368 1810 400 1866 et
421 1807 636 1867 humanissimo
655 1808 691 1868 A.
710 1808 855 1884 Bonneto,
879 1809 1049 1886 professore

86 1905 360 1981 Montepessulano.

156 2003 182 2062 B
202 2028 244 2051 =
263 2004 506 2082 Monacensis,
525 2004 603 2066 MSc.
623 2004 677 2064 lat.
695 2005 770 2079 309,
788 2003 971 2077 chartaceus,
991 2004 1051 2063 for·

88 2119 156 2160 mae
175 2101 349 2177 quadratae,
368 2118 445 2160 anno
462 2102 548 2162 1494
569 2103 618 2162 vel
632 2103 722 2177 paulo
737 2105 815 2179 ante,
834 2106 869 2163 nt
884 2095 1050 2183 videtur*),

88 2200 217 2275 scriptus
235 2215 327 2258 manu
345 2198 479 2275 eleganti
497 2217 532 2258 ae
551 2199 684 2260 dilucida
708 2204 738 2260 et
761 2201 873 2276 optime
895 2218 1050 2261 conserva·

87 2303 147 2358 tus.
193 2297 302 2373 Incipit
333 2296 432 2356 media
462 2296 581 2355 demum
613 2298 645 2356 in
675 2298 748 2357 decl.
778 2300 841 2357 252
873 2299 920 2358 his
950 2298 1051 2367 verbis

87 2395 302 2472 „excutiamua
325 2393 483 2454 submisit“
508 2387 551 2472 (p.
571 2396 624 2470 32,
644 2390 715 2476 17);
739 2415 901 2470 summam,
927 2413 1050 2472 prorsus

90 2495 126 2551 ut
151 2491 195 2567 A,
226 2490 319 2551 babet
346 2491 594 2551 declamationem
625 2495 703 2570 388,
736 2494 820 2553 ouius
848 2496 919 2570 post
944 2493 1052 2551 ultima

88 2591 181 2651 verba
203 2590 349 2667 leguntur
372 2588 426 2646 illa
449 2582 593 2668 (fol147
614 2587 710 2672 recto)
739 2589 908 2668 „Incipiunt
932 2609 968 2649 ex
987 2588 1052 2648 Cal-

88 2688 197 2766 purnio
219 2687 310 2746 flacco
335 2690 481 2764 excerpta.
515 2687 668 2764 Excerpta
686 2687 798 2747 Decem
816 2687 982 2747 Rhetorum
1000 2686 1054 2744 mi-

89 2804 205 2846 norum.
250 2783 334 2843 Uror
365 2781 583 2860 tyrannicida“.
629 2786 671 2845 Ilt
702 2787 871 2861 sequuntur
902 2785 1053 2862 continuo,

90 2883 201 2946 omisso
225 2882 346 2960 Seneca,
369 2879 527 2958 Calpurnii
550 2882 782 2943 declamationes
806 2885 971 2959 excerptae,
994 2900 1054 2941 non

89 2983 161 3042 illae
184 2981 273 3041 modo
296 2980 420 3058 priores,
444 2998 520 3056 quae
543 2981 576 3038 in
598 2981 676 3040 libro
695 2981 723 3039 A
743 2982 856 3058 insunt,
880 2980 932 3039 sed
952 2997 1053 3038 omnes

91 3083 143 3141 51.
170 3079 207 3139 In
229 3079 288 3138 fine
312 3077 492 3154 subscriptio
517 3069 581 3157 (fol.
608 3079 671 3137 160
694 3097 769 3138 vers.
788 3078 820 3136 in
843 3071 955 3157 medio)
975 3077 1053 3156 „Ex-

92 3179 196 3256 plicite
219 3197 256 3238 ex
278 3175 443 3253 Calpurnio
467 3176 574 3236 Flacco
598 3171 762 3254 excerptp“.

160 3275 258 3336 Notae
276 3268 426 3335 in'codico
444 3292 505 3334 non
525 3277 595 3334 sunt
613 3273 671 3333 nisi
692 3292 750 3332 una
769 3275 811 3352 (p.
831 3274 905 3348 303,
923 3274 972 3331 18.
990 3266 1056 3352 19),
