2386 3816
317 181 635 242 DECLAMATIONES.
654 184 821 243 CCLXXIII.
986 189 1048 252 117

80 368 157 412 rum
179 345 329 432 ingressa
350 352 545 414 nocturnum
569 349 640 434 iter,
661 371 727 415 non
746 350 879 418 confuse
896 353 1049 438 tenebris,

81 457 153 502 non
175 435 332 521 periculo,
358 437 439 503 vicit
465 458 568 503 cursu.
589 442 744 525 aetatem,
771 463 894 526 sexum,
916 441 1050 506 infirmi·

81 529 205 592 tatem:
227 525 402 612 †secuti†
425 527 525 612 cives,
545 527 711 613 quidquid
734 530 869 615 dixerat,
893 530 1050 616 quidquid

81 614 208 681 feceret
230 619 342 682 mater.
378 616 468 682 sulus
493 637 571 702 ergo
595 617 738 684 civitatis
761 622 795 684 et
812 619 962 699 victoria,
986 641 1050 704 que

79 725 170 770 nunc
189 704 376 791 gaudemus,
398 705 474 771 huic
497 705 662 772 debentur.
699 706 762 774 hoc
785 711 836 774 est
858 709 1086 774 enuntiaret't

453 881 686 952 boumn.

403 1005 556 1076 Debitor
578 1007 735 1077 adulter.

80 1133 249 1201 Msnruus
274 1151 500 1208 beennatensi
523 1152 705 1201 munuum
727 1152 824 1214 none
845 1151 1050 1202 Possmnsr.

175 1240 353 1291 rovenses
372 1241 578 1292 srousonuu
597 1241 652 1291 stu
670 1240 787 1309 Aemo,
806 1242 898 1304 Quen
916 1242 1049 1289 unvun-

112 1384 115 1391 ,
177 1330 237 1381 sus
254 1330 469 1380 Desmontem.
492 1331 587 1393 Quon
607 1331 761 1381 nunruon
778 1330 851 1380 nou
865 1330 1048 1396 souvunru,
1070 1328 1103 1378 10

109 1392 123 1414 ‘
176 1419 332 1470 brosson
355 1419 500 1470 souvsr.
531 1401 671 1480 Quidam
693 1402 874 1470 debitorem
898 1425 992 1468 suum
1014 1402 1049 1467 in

177 1491 335 1559 adulterio
359 1491 578 1577 deprehendit.
613 1492 699 1558 bona
722 1494 832 1558 omnia
850 1492 979 1578 exlege
999 1513 1050 1558 oe-

177 1581 320 1668 cupevit:
343 1581 427 1666 petit
448 1581 596 1649 debitum
619 1582 660 1648 ab
685 1603 850 1668 sponsore.
873 1581 929 1647 ille
952 1579 987 1648 O.
1011 1580 1049 1647 D.

480 1758 656 1828 SERMO.

154 1886 349 1972 Priusquam
391 1886 537 1954 venimus
585 1886 626 1953 od
667 1907 813 1968 causam,
859 1904 1051 1968 praeparere
1072 1897 1106 1946 ro

87 1975 278 2081 debebimus
307 1977 449 2043 animum
479 1975 595 2042 iudicis
618 1997 678 2060 pro
701 1974 774 2060 ipsa
796 1992 935 2057 persona
959 1993 1052 2056 spon·

88 2087 182 2133 soris.
594 2089 598 2094 ·

402 2169 743 2240 DECLAMATIO.

156 2298 285 2366 Petitur
308 2323 327 2365 a
348 2299 445 2365 nobis
467 2298 617 2384 pecunie,
650 2319 748 2383 quem
770 2319 837 2362 non
861 2296 1053 2381 occepimus,

88 2411 157 2457 non
180 2389 447 2476 consumpsimus,
469 2410 536 2455 non
558 2388 593 2452 in
615 2389 718 2453 ullum
736 2408 845 2452 rerum
865 2389 1053 2451 nostrerum
1071 2398 1108 2448 20

89 2501 187 2547 usum
209 2479 437 2546 convertimus.
472 2478 571 2544 etiam
595 2499 667 2544 curn
689 2474 778 2542 istud
800 2473 981 2560 periculum
1005 2479 1056 2540 est

92 2568 270 2656 sponsoris,
292 2566 479 2635 miserabile
499 2571 563 2634 est:
585 2564 735 2633 bonitate
752 2563 886 2649 labitur,
907 2563 1055 2629 humani-

90 2662 161 2726 tete
188 2658 372 2725 conturbat.
416 2657 479 2724 boc
507 2677 571 2742 quo
599 2653 763 2741 pertinet?
799 2675 867 2719 non
888 2655 926 2719 ut
948 2656 1054 2719 extor-

91 2769 209 2834 queam
231 2746 334 2834 vobis,
361 2746 493 2833 iudices,
514 2744 721 2832 religionem:
749 2741 805 2808 sed
827 2745 865 2808 ut
886 2742 1055 2828 intellega-

91 2838 152 2924 tis,
175 2836 261 2923 quod
283 2836 430 2922 profecto
453 2833 659 2922 cognoscitis,
680 2854 747 2898 non
770 2853 840 2898 esse
863 2830 1056 2918 exigendum
1075 2843 1110 2894 uo

92 2950 113 2994 a
145 2948 303 3012 sponsore
335 2924 508 3009 creditum,
540 2924 606 2990 nisi
635 2923 706 2988 iure
736 2943 872 2988 summo.
916 2919 966 2986 De
993 2940 1056 3005 quo

91 3016 282 3103 priusquam
304 3015 434 3101 loquor,
461 3014 640 3080 etiamnum
663 3033 716 3098 ee,
737 3033 820 3097 quae
842 3009 1058 3076 humanitatis

92 3110 127 3173 et
158 3104 401 3173 consuetudinis
433 3103 543 3190 gretie
574 3102 639 3168 dici
670 3101 791 3186 solent,
827 3121 895 3165 non
926 3099 1059 3166 omitto:

166 3279 364 3338 tinfirmitste
382 3283 459 3352 Δ13
478 3277 563 3337 sicuti
579 3281 624 3350 31
644 3283 661 3334 t
679 3275 822 3333 enunciari
840 3276 915 3346 318
932 3271 1058 3344 posside·

93 3355 183 3410 bats
206 3353 217 3422 1
240 3358 273 3408 16
291 3351 432 3423 sponsoris
451 3368 509 3408 uon
525 3349 556 3406 in
573 3349 654 3406 illum
671 3365 751 3404 reum
769 3363 821 3419 pro
839 3348 937 3403 nostm
954 3348 975 3398 B
995 3347 1005 3416 1
1022 3349 1058 3398 20

93 3441 171 3482 eom.
189 3440 243 3481 nec
260 3423 291 3479 iu
307 3426 329 3476 B
351 3423 362 3495 11
388 3423 469 3478 illum
487 3427 525 3492 ὰς
544 3421 633 3478 ullum
651 3438 746 3480 rerum
762 3419 853 3477 nostr.
871 3433 926 3475 oro.
938 3420 965 3470 b
987 3416 1008 3485 11
1023 3419 1068 3468 ‘tt

89 3495 226 3552 iudicium
243 3496 340 3563 Δ128
355 3493 459 3552 emitto
477 3499 501 3550 Δ
