2364 3766
97 109 163 175 256
464 107 692 174 QUINTILIANI

96 270 220 357 unitas)
261 272 351 339 vides
383 294 460 359 ergo
492 277 525 337 et
556 273 676 338 damna
703 275 735 337 et
763 271 854 336 lucra
876 271 1064 337 communia

96 383 166 427 esse
189 360 318 446 debere,
347 365 380 427 ot
401 362 484 427 nihil
506 383 572 427 non
600 383 739 446 aequum
767 380 846 444 csse,
874 360 962 444 quod
984 361 1065 426 utri·

97 471 159 534 que
181 451 269 534 parti
293 451 450 536 seriptum
473 454 531 518 est.

163 537 325 623 „Eventus
339 561 400 606 nos
416 540 555 606 diduxit:
575 540 632 605 sed
647 538 686 604 de
701 538 799 604 sociis
814 538 910 623 (lex)
919 538 1066 624 loquitar

61 647 77 697 a
97 628 182 695 idem
203 628 406 714 agentibus.“
430 629 517 694 Illud
535 651 592 694 suo
611 629 683 694 loco
702 626 883 712 imputabo,
906 628 995 713 qnod
1012 627 1066 692 hic

97 716 185 783 domi
209 740 337 804 sempor
364 722 398 784 et
420 721 529 783 custos
553 720 682 783 tontum
705 716 863 801 pecuniae
885 716 957 784 fuit
1004 738 1065 804 ego

96 829 168 872 sum
191 808 258 892 ille,
282 808 337 893 qui
361 808 478 891 longus
501 810 606 872 terras
622 809 655 872 et
669 806 801 892 ignotas
821 806 974 890 regiones
992 828 1067 893 per·

97 897 223 982 agravi,
256 916 317 981 ego
346 896 418 980 illo,
450 896 507 980 qni
540 899 610 961 tam
641 896 739 981 longe
769 895 928 978 abieram,
960 899 998 961 nt
1030 896 1066 960 in

96 987 239 1071 patriam
261 985 366 1052 redire
389 1007 455 1051 non
478 1006 618 1068 possem.
650 1007 689 1050 cx
712 984 774 1049 hac
795 983 901 1069 igitur
918 985 991 1071 lege
1008 1007 1067 1070 po-

44 1092 78 1141 10
97 1076 193 1154 stulo,
216 1079 253 1139 ut
276 1075 461 1141 communia
481 1074 548 1140 sint
571 1074 690 1158 omnia,
713 1095 796 1158 quae
817 1074 853 1138 in
871 1073 958 1139 bonis
979 1078 1068 1159 sunt,

95 1168 133 1229 ut
156 1164 349 1231 dividantur.

163 1252 247 1328 Quid
281 1252 351 1317 ais?
388 1253 511 1337 perisse
539 1251 730 1336 patrimonii
753 1255 895 1334 partem,
928 1252 1067 1318 etmihi

94 1341 232 1426 perisse5
256 1340 356 1406 adicis
380 1362 453 1405 mea
477 1341 573 1425 culpa
595 1341 727 1424 perisse.
768 1341 878 1406 omnia
907 1340 988 1406 haec
1018 1342 1066 1406 in·

94 1428 191 1492 terim
231 1429 378 1494 confiteri
415 1429 513 1495 libet:
551 1450 721 1516 commune
758 1431 870 1493 tamen
907 1428 1066 1496 damnum

43 1534 76 1584 15
96 1520 155 1582 est.
181 1516 292 1602 Negat
313 1517 376 1583 hoc
400 1538 470 1582 esse
494 1516 648 1583 damnum
673 1522 706 1583 et
727 1538 851 1602 poenae
874 1539 994 1584 nomen
1018 1521 1066 1585 in·

96 1606 197 1690 ponit
240 1605 313 1692 Ego
341 1627 439 1691 porro
469 1606 622 1672 damnum
646 1607 796 1695 existimo
821 1628 892 1672 esse
916 1609 1066 1676 amissio

96 1717 171 1760 nem
195 1717 319 1779 eorum,
343 1718 426 1781 quae
449 1695 612 1762 habueris.
658 1717 764 1780 neque
787 1696 874 1760 enim
897 1697 1010 1762 veniet
1032 1699 1068 1764 in

98 1783 345 1870 dubitationem,
369 1786 448 1872 quin
472 1785 675 1852 amiserimus
695 1784 818 1869 aliquid
837 1806 877 1849 ex
894 1784 957 1868 his,
981 1808 1067 1870 quae

96 1873 307 1941 habebamur.
339 1875 392 1942 hic
414 1897 554 1962 poenam
577 1874 731 1960 appellat.
765 1895 900 1958 possum
924 1895 993 1940 non
1011 1898 1067 1942 no·

43 1980 78 2029 ιο
97 1984 189 2049 gare,
221 1986 295 2029 cum
323 1968 356 2029 et
388 1965 463 2049 ipsa
488 1986 595 2050 poena
622 1962 732 2029 damni
755 1983 864 2048 ·genus
889 1963 940 2029 sit.
987 1987 1067 2032 nam

96 2053 176 2117 mihi
207 2075 244 2117 ex
271 2053 348 2136 hoc,
380 2054 467 2138 qnod
493 2053 657 2139 plerisque
685 2051 875 2117 criminibus
907 2054 1066 2138 pecuniae

94 2163 200 2225 poena
229 2141 447 2225 inponebatur
474 2142 642 2227 appellata
670 2141 769 2206 etiam
794 2142 868 2226 ipsa
895 2140 1064 2210 damnatio

94 2229 231 2297 videtur.
261 2230 415 2296 Ablatum
439 2235 489 2297 est
508 2230 631 2315 aliquid
650 2229 743 2315 mihi3
766 2252 843 2296 sone
867 2230 968 2296 etiam
990 2253 1066 2298 oon·

94 2320 189 2386 fitear
223 2356 262 2368 -
288 2320 366 2404 quid
393 2321 545 2404 interest,
573 2319 733 2405 quomodo
758 2319 904 2403 ablatum
927 2321 998 2387 sit?
1021 2356 1065 2370 ·-

41 2424 76 2474 eo
95 2429 156 2494 ego
189 2409 322 2494 perdidi.
376 2432 453 2475 nam
494 2413 527 2475 et
559 2410 588 2474 si
619 2409 705 2473 latro
738 2407 945 2493 abstulisset,
983 2408 1065 2475 mibi

96 2499 290 2584 abstulerat,
322 2503 357 2571 et
387 2499 416 2564 si
447 2501 482 2566 in
514 2499 640 2584 piratas
673 2517 734 2581 ego
763 2496 951 2564 incidissem
981 2520 1062 2564 mer·

96 2592 199 2673 octor,
230 2608 291 2673 ego
320 2589 493 2654 amiseram
516 2611 577 2652 -τ
607 2587 737 2672 peribat
761 2585 825 2651 hoo
852 2587 984 2672 utrique
1006 2608 1063 2653 no·

96 2681 209 2742 strum.
254 2676 362 2753 Quid?
387 2678 414 2743 si
439 2678 537 2742 etiam
560 2696 685 2761 poenae
707 2675 742 2739 id
765 2694 868 2759 genus
892 2681 954 2763 est,
977 2674 1062 2764 quod

1080 2846 1108 2877 ²

168 2910 182 2958 1
202 2904 281 2960 videt
299 2911 319 2958 Ρ
336 2906 347 2975 ΙΙ
365 2911 381 2959 2
401 2908 443 2960 est
461 2908 522 2973 Aa,
541 2920 610 2960 ocrr.
632 2904 675 2959 Gr
691 2906 702 2974 ΙΙ
720 2909 736 2958 3
755 2903 817 2973 pari
834 2908 855 2957 Ρ
873 2906 883 2976 l
903 2908 921 2959 4
939 2920 990 2961 nos
1009 2920 1059 2962 on.

95 2976 139 3045 Bl
157 2975 273 3031 deduxit
291 2980 339 3029 AB
353 2977 363 3046 ΙΙ
376 2976 476 3045 loquor
495 2979 555 3041 AB,
575 2992 645 3032 corr.
664 2976 901 3032 auctoritamus
919 2993 965 3047 cp.
983 2975 1032 3032 nu
1083 2976 1108 3057 ξ

95 3052 110 3101 5
130 3046 235 3102 ibidem
254 3045 291 3116 (Ρ)
311 3048 404 3130 agent.
424 3046 478 3103 Set
499 3048 509 3116 ΙΙ
532 3051 548 3099 6
568 3047 644 3102 domi
663 3063 714 3103 om.
732 3047 777 3116 Bt
800 3052 816 3101 9
834 3046 972 3117 patriaA
992 3048 1005 3119 Ι
1026 3050 1042 3102 1
1078 3050 1108 3129 j

95 3119 189 3174 omnia
207 3135 250 3175 om
268 3121 314 3188 All
336 3136 367 3174 ιιι
385 3116 466 3173 vobis
484 3120 549 3172 sunt
562 3122 619 3185 AB,
638 3134 707 3175 corr.
725 3118 798 3183 Aen
817 3135 857 3173 aa
873 3117 978 3174 *nobis
995 3114 1060 3173 sunt
1078 3140 1108 3151 ···

96 3188 204 3259 (?)ll11
225 3189 286 3259 agis
304 3191 350 3259 ΔΙΙ
366 3195 397 3243 1⁷
416 3191 553 3245 bonorum
572 3194 592 3242 B
610 3193 621 3260 d
638 3189 727 3259 quin
744 3193 768 3243 Δ
786 3191 796 3262 lt
815 3194 848 3245 19
868 3190 922 3246 hoo
939 3200 1056 3262 poem

94 3264 214 3329 apparet
231 3263 322 3331 31122
341 3259 476 3330 apellatio
494 3266 515 3313 B
538 3263 547 3332 ΙΙ
570 3266 604 3316 23
623 3260 773 3317 videbatur
789 3264 829 3314 Ba
846 3261 978 3331 flat-24
994 3273 1056 3315 con·

94 3331 176 3385 fiteor
193 3335 227 3397 Β,
252 3331 338 3386 ablat
358 3348 382 3387 e.
401 3347 425 3387 a.
446 3350 496 3400 ιιι,
516 3347 582 3387 sane
602 3349 626 3387 e.
646 3332 781 3388 confitear
817 3349 910 3402 poena
927 3331 971 3388 Ro
992 3331 1004 3402 Ι
1024 3334 1056 3385 Μ

95 3401 222 3458 ablatum
241 3403 286 3457 est
303 3406 334 3471 Δ,
353 3402 480 3459 ablatum
498 3408 528 3474 B,
547 3420 616 3460 corr.
636 3404 681 3460 Ro
694 3407 704 3476 fl
718 3409 752 3460 28
771 3373 812 3474 id]
831 3403 926 3460 hocB
