2386 3816
337 134 800 235 otouauurrouaseouvu.
997 152 1040 216 49

388 347 728 416 DECLAMATIO.
754 394 757 399 -

144 471 181 539 Si
209 473 251 539 ab
265 501 267 505 ·
280 473 345 539 alio
373 473 560 559 redemptus
589 478 675 539 esset
702 477 795 559 pater
822 475 897 558 <et>
921 478 1042 562 statim,

72 567 114 633 ut
136 563 278 628 redisset
301 584 321 628 a
343 562 539 649 gravissima
561 561 702 644 fortuna,
733 564 793 646 [et]
817 564 967 631 abdicare
990 588 1042 631 me

73 651 288 735 instituisset,
315 651 456 718 dicerem
483 655 607 717 tamen:
640 651 717 736 quid
744 652 831 718 intra
854 659 923 719 tam
946 655 1042 720 breve

73 745 210 827 tempus
233 739 405 806 commisi?
429 741 506 825 quid
528 744 598 805 tam
622 741 778 806 scelerate
802 764 821 806 a
844 764 895 807 me
918 743 1041 810 factum
1061 760 1076 809 5

76 833 138 914 est,
161 833 200 895 ut
217 830 267 895 ira
288 829 391 914 patris
410 830 616 915 praecederet
635 831 743 915 ipsam
766 831 1042 914 gratulationem?

75 921 167 986 nunc
190 921 315 985 certum
332 917 447 1003 habeo,
470 919 606 1004 indigna
623 918 781 1005 quaedam
797 923 966 1004 expectare
984 943 1042 986 vos

75 1008 234 1092 facinora,
257 1028 331 1072 cum
354 1007 523 1074 abdicetur
539 1008 637 1092 filius,
660 1009 715 1092 qui
733 1008 877 1074 redemit.
909 1009 1043 1076 estsine

77 1097 178 1165 dubio
197 1096 286 1162 istud
299 1118 367 1162 non
385 1119 495 1164 meum
508 1096 711 1181 beneficium,
730 1101 762 1162 et
776 1119 870 1163 omne
885 1099 1044 1184 redempti

76 1187 184 1272 patris
212 1207 330 1251 munus
353 1186 395 1251 ad
424 1207 571 1252 socerum
597 1185 692 1251 redit.
737 1206 798 1271 ego
820 1191 932 1252 tamen
953 1188 1096 1252 navi-10

79 1276 171 1363 gavi3
194 1295 256 1360 ego
278 1275 463 1360 periculosa
486 1274 589 1346 maria
611 1275 777 1360 ingressus
802 1297 883 1360 sum,
905 1279 943 1341 ut
961 1276 1045 1342 redi-

78 1387 203 1430 merem
236 1369 378 1450 patrem,
407 1363 678 1448 quemadmodum
710 1364 818 1449 ipsum
850 1363 956 1431 dicere
988 1388 1045 1431 au·

79 1454 188 1537 distis3
221 1454 381 1538 quaedam
413 1453 513 1519 etiam
543 1475 611 1519 non
635 1454 792 1536 potienda
818 1476 934 1539 passus
963 1477 1044 1522 sum.

79 1543 171 1622 Quae
201 1543 230 1608 ei
257 1543 343 1608 ratio
372 1541 587 1609 abdicationis
616 1541 687 1607 est?
722 1543 818 1627 „Non
847 1545 1045 1630 obsequeris,

78 1632 200 1718 inquit,
224 1631 333 1696 mihi.“
1065 1649 1097 1697 15

149 1719 185 1787 Si
211 1720 275 1787 hoc
302 1721 341 1786 ad
372 1719 588 1786 abdicandum
611 1720 692 1785 satis
716 1725 815 1804 esset,
846 1743 1045 1806 supervacua

80 1815 176 1878 erant
191 1810 323 1877 omnino
339 1808 459 1875 iudicia
473 1811 540 1875 ista.
564 1830 621 1874 cur
637 1810 725 1874 enim
739 1810 834 1874 nobis
849 1809 1045 1875 defensionis

79 1903 281 1986 potestatem
303 1898 449 1982 dedistis,
478 1899 507 1963 si
529 1896 614 1962 nihil
637 1898 758 1963 nostris
781 1898 925 1982 consiliis
948 1898 1046 1962 liber·

79 1990 161 2055 tatis
184 1989 337 2054 relictum
360 1986 432 2054 est?
457 1987 542 2053 servi
564 1985 764 2052 mehercule
788 1985 947 2070 quaedam
969 1986 1046 2050 libe-

79 2079 151 2144 rius
175 2099 216 2143 ex
238 2077 325 2143 bona
348 2079 458 2142 mente
481 2075 615 2160 faciunt,
638 2078 671 2141 et
694 2075 870 2160 aliquando
892 2075 1047 2141 indicium
1066 2092 1099 2141 20

80 2167 160 2233 fidei
186 2169 305 2251 putant
334 2166 440 2251 pretio
469 2167 579 2250 empta
607 2165 771 2249 mancipia
798 2187 863 2232 uon
891 2165 1048 2249 paruisse.

81 2256 169 2322 filios
198 2277 274 2322 uero
302 2255 374 2341 quis
402 2254 566 2320 dubitarit
587 2276 741 2339 umquam
764 2276 835 2320 esse
857 2256 1048 2339 plerumque

83 2367 162 2412 suae
191 2344 387 2430 potestatis?
423 2347 461 2410 ut
484 2365 523 2408 ea
544 2345 762 2429 praeteream,
790 2364 872 2428 quae
896 2344 957 2408 sub
980 2346 1048 2408 tam

82 2436 173 2503 bono
201 2438 295 2520 patre
322 2455 364 2499 ne
391 2433 573 2519 argumenti
601 2431 731 2517 quidem
759 2453 856 2497 eausa
879 2431 1047 2511 referenda

86 2529 174 2609 sunt,
196 2545 257 2589 nec
279 2522 393 2608 dicam,
416 2542 500 2587 »non
522 2541 618 2606 coges
638 2521 762 2606 templa
780 2519 960 2604 incendere,
982 2542 1049 2586 non
1068 2537 1101 2586 25

85 2633 185 2701 coges
222 2612 374 2697 operibus
404 2611 543 2696 publicis
576 2631 692 2676 manus
725 2608 887 2675 adferret:
926 2609 1050 2678 leviora

85 2707 176 2771 certe
202 2705 334 2768 nostrae
362 2700 558 2766 auctoritatis
585 2720 656 2764 esse
682 2697 893 2764 manifestum
922 2703 985 2783 est,
1013 2703 1051 2764 ut

87 2792 287 2859 sententiam
309 2789 430 2855 iudices
453 2788 558 2855 dicere
580 2788 707 2873 <liceat
730 2788 879 2872 qualem>
903 2789 1049 2872 velimus,

161 3027 177 3076 2
197 3019 267 3093 (et)
286 3018 322 3073 Pi
340 3022 349 3089 11
368 3023 383 3073 3
404 3017 457 3090 [et]
479 3017 517 3072 Pi
529 3020 539 3088 11
554 3024 587 3073 13
605 3017 735 3073 facienda
753 3021 814 3081 ΔΒ,
834 3033 903 3073 corr.
923 3016 989 3084 Aer,
1007 3016 1049 3071 fa·

88 3093 177 3148 tenda
195 3092 249 3146 Sola
263 3093 272 3161 11
287 3096 320 3146 16
340 3091 375 3144 ad
395 3106 445 3146 om.
463 3091 509 3160 211
526 3096 556 3144 lt
576 3089 670 3144 omnia
687 3088 810 3158 tuipsa
827 3093 884 3156 AB,
903 3105 972 3145 corr.
984 3088 1052 3160 30211

91 3170 125 3219 19
152 3163 265 3220 Bonae
293 3161 530 3218 conscientiae
556 3160 723 3216 indicium
749 3176 823 3216 esse
848 3159 1051 3216 libertatem

88 3238 184 3307 2121
203 3232 388 3309 <im>putant
407 3235 441 3301 (2)
461 3232 572 3302 621122
590 3236 710 3287 veros!
732 3234 742 3301 1
765 3236 798 3286 23
817 3232 860 3286 uti
879 3249 911 3287 ea
930 3235 1052 3302 praeter-

90 3324 182 3377 eaque
200 3305 252 3361 sub
270 3308 362 3377 21126
380 3309 464 3361 manu
492 3306 583 3374 21127
602 3303 805 3359 mediocritatis
823 3307 880 3371 AB,
900 3319 967 3358 corr.
991 3302 1053 3368 Ro,

87 3375 442 3520 propmwgrslpuctoritatis
461 3377 501 3431 oet
515 3377 561 3445 (cf.
571 3376 656 3432 indic.
667 3373 687 3427 1
690 3378 700 3441 )
712 3373 852 3430 libertatis
866 3376 923 3443 1128
940 3372 1054 3446 (liceat,

92 3450 205 3518 qualem
272 3466 289 3504 o

134 3545 274 3614 onasum
288 3547 354 3600 socr„
370 3547 404 3590 oa
419 3549 506 3593 aruer.
906 3543 926 3592 ἱ
