2386 3816
55 148 57 151 ·
118 147 183 213 174
484 141 713 209 oururmmur
792 173 795 177 .
881 88 883 93 ,

114 310 301 378 mestissima
324 309 456 374 militia:
480 309 702 394 propugnator
720 305 784 371 fuit
797 303 953 371 civitatis.
979 328 1086 391 quon·

115 404 189 468 dam
225 403 353 485 partem
391 399 530 484 aliquam
567 395 745 480 voluptatis
780 392 814 460 iu
849 393 936 461 hauc
967 396 1086 481 inpen-

115 492 222 556 derat:
252 488 308 554 sed
340 488 419 553 fecit
450 486 543 551 illum
577 485 835 570 arrogantiorem
862 483 937 549 isa
963 485 1084 552 virtue.

113 579 228 664 Neque
250 581 361 643 tamen
383 576 478 641 nobis
502 573 607 640 adhuc
624 572 812 658 persuaderi
830 593 873 657 po
909 576 950 658 st,
972 575 1084 641 at'vir

79 669 226 751 retortis,
258 667 314 753 qui
347 665 506 731 amaverit
537 665 663 749 aperte,
694 663 844 747 quinon
872 665 945 729 erat
970 664 1081 731 laesus

113 757 183 822 ulla
205 755 383 821 meretricis
406 752 541 838 iniuria,
568 753 679 818 oculos
701 751 815 818 volens
838 753 969 818 eruerit
1015 752 1082 820 tor·

113 849 228 912 tunam
254 843 338 910 illud
364 847 516 929 putamus
543 841 656 926 fuisse,
685 843 724 906 ut
734 841 775 906 ‘si
797 840 850 907 lex
871 841 1082 926 permitteret

113 938 264 1000 neutram
282 933 452 1017 ultionem,
473 930 614 997 forsitan
631 933 739 996 totum
757 931 808 995 ius
826 931 1081 1000 remitteremua

114 1042 200 1090 nunc
223 1023 334 1089 oculos
357 1021 427 1088 cius
452 1041 628 1105 servamus,
651 1041 715 1105 qua
736 1039 919 1104 possumus.

60 1124 95 1175 1o
180 1111 246 1178 Lex
261 1112 309 1177 ita
323 1111 445 1197 scripta
459 1113 519 1195 est,
535 1112 574 1175 ut
586 1108 616 1174 is
630 1108 696 1194 qui
710 1109 993 1196 excaecaverit,
1013 1114 1081 1177 aut

111 1201 304 1267 talionem
326 1200 504 1284 patiatur
528 1201 595 1264 aut
613 1197 721 1269 ducis
740 1219 859 1284 opera
876 1197 1077 1287 fungatur.

111 1291 198 1355 inter
229 1291 289 1356 has
322 1289 403 1354 duas
430 1309 490 1354 rea
513 1287 662 1373 quaestio
685 1291 745 1352 est.
791 1291 966 1372 antequam
990 1310 1077 1356 com·

110 1399 207 1462 paro,
234 1377 317 1443 illud
338 1377 542 1463 interrogare
565 1376 665 1460 volo,<
683 1377 774 1442 cuius
797 1397 896 1442 causa
917 1378 1076 1463 scriptam

83 1474 87 1480 '
111 1467 218 1551 legem
229 1487 300 1532 esse
308 1465 500 1551 puta<ti>s?
514 1465 657 1531 dubitari
666 1487 732 1531 non
739 1467 858 1550 potest,
868 1465 946 1550 quin
953 1469 1076 1553 scripta

59 1567 90 1616 15
111 1555 155 1619 sit
178 1555 217 1641 ei,
240 1577 323 1641 quae
346 1553 539 1621 vindicanda
562 1557 627 1637 est3
649 1575 690 1620 ne
711 1554 796 1620 illud
815 1554 945 1640 quidem
964 1557 1000 1622 in
1019 1556 1073 1623 du·

111 1644 202 1710 bium
229 1645 354 1728 veniet,
381 1643 542 1726 optionem
570 1643 700 1729 quidem
722 1643 838 1710 harum
862 1643 999 1711 duarum
1024 1643 1073 1732 (ut

109 1734 157 1798 ita
180 1731 356 1820 appellem)
379 1752 558 1818 poenarum
580 1754 650 1799 esse
669 1733 704 1798 in
721 1736 885 1818 potestate
905 1734 1072 1820 exigentia

108 1822 186 1906 quid
211 1822 298 1888 enim
321 1822 409 1888 aliud
429 1822 593 1906 cogitasse
611 1821 720 1908 legum
738 1823 876 1889 latorem
895 1823 1072 1907 putamus?

107 1911 202 1976 illum
224 1911 347 1998 utique,
369 1911 426 1997 qui
448 1913 661 1996 excaecasset,
683 1911 819 1977 credidit
842 1932 913 1977 csse
936 1914 1076 1998 puniens

54 2011 88 2061 20
108 1999 199 2083 dum,
227 2001 308 2066 adeo
331 2003 368 2066 ut
390 2021 430 2066 ne
453 2000 503 2066 illi
527 2000 654 2087 quidem
680 2001 744 2084 ipsi
767 1999 821 2086 qui
845 1999 1072 2068 uindicabatur

106 2089 291 2172 permiserit
317 2091 422 2155 totam
450 2090 555 2175 legem
578 2089 755 2155 remittere.
800 2088 859 2155 illa
880 2089 985 2176 igitur
1008 2090 1070 2157 fuit

107 2177 279 2262 cogitatio:
311 2176 452 2243 »meruit
475 2178 605 2262 quidem
631 2178 686 2263 qui
710 2179 797 2245 eruit
819 2178 944 2266 oculos,
978 2184 1069 2247 utet

105 2265 174 2350 ipse
197 2266 325 2351 perdat;
348 2266 376 2332 si
396 2270 509 2333 tamen
533 2267 748 2355 †habuerit†
766 2268 1019 2356 misericordem,
1041 2271 1069 2336 si

105 2354 254 2421 inciderit
268 2356 302 2421 in
316 2377 399 2442 eum,
414 2357 470 2442 qui
484 2357 691 2442 aliquatenus
705 2357 895 2438 †reddere†
908 2359 976 2425 irae
992 2356 1068 2426 suae

51 2457 86 2506 25
105 2445 267 2511 rationem
288 2450 410 2532 posset,
434 2446 574 2531 gratiam
598 2445 719 2512 referat
736 2447 812 2512 huic
829 2451 953 2532 postea.
991 2448 1068 2535 eligi

104 2555 181 2620 ergo
202 2535 243 2600 ab
264 2556 301 2601 ea
319 2556 425 2621 poena
443 2535 547 2621 debet,
566 2556 648 2620 quae
667 2536 894 2623 grauissimam
913 2537 1067 2603 iniuriam

103 2645 202 2708 passa
225 2629 284 2690 est.
329 2628 410 2709 puta
432 2625 520 2690 istud
543 2646 615 2691 esse
638 2626 793 2709 asperius,
817 2626 903 2710 quod
922 2648 1066 2694 recusas:

102 2710 241 2778 fortasse
264 2717 398 2799 propter
416 2713 478 2780 hoo
496 2714 604 2799 ipsum
622 2715 692 2798 pati
706 2713 833 2781 debeas.
867 2717 978 2782 oculos
997 2739 1065 2782 eru·

102 2800 160 2864 isti
174 2802 384 2868 mulierculae
399 2803 468 2870 sine
484 2802 599 2890 dubiop
614 2806 648 2869 et
661 2802 760 2889 adice,
774 2803 802 2868 ei
815 2803 875 2890 ris,
888 2804 1063 2872 meretrici:

48 2901 82 2950 30
101 2892 212 2955 tamen
245 2912 325 2976 quos
359 2913 470 2958 eruere
501 2914 568 2960 non
599 2892 726 2959 licebat.
776 2913 842 2959 non
874 2915 909 2960 es
938 2894 1065 2983 diguus,

174 3012 296 3080 1qu,
311 3012 443 3082 quoniam
456 3017 486 3082 Ι,
500 3029 568 3071 corr.
584 3014 628 3071 Ro
642 3015 652 3084 i
665 3020 681 3069 2
696 3012 862 3098 inpenderet
875 3018 1063 3088 Aal4vobie

99 3083 338 3237 1111111111ρεῖῗοῗὶ
353 3085 392 3210 id
401 3087 674 3240 iidudriitl’ssllnl'lceosrrse
684 3085 1063 3244 lgxeirqlfdcpistgddgscloddll

101 3224 355 3296 mulceremur,
374 3242 442 3282 corr.
461 3226 524 3285 Lot.
539 3231 549 3298 ll
563 3229 679 3298 quidam
693 3233 737 3283 ab
752 3233 761 3300 ΙΙ
777 3235 880 3286 16-17
900 3230 928 3286 d.
942 3234 1003 3288 vrta
1018 3248 1060 3302 ap.

98 3295 210 3364 nullst
228 3314 385 3369 pugnarum
404 3300 496 3369 31122
515 3301 628 3370 queruit
645 3301 740 3370 Δ1124
758 3318 797 3358 uu
815 3299 938 3358 *addere
956 3305 1060 3359 velad-

98 3363 195 3421 hibere
205 3367 242 3435 (ἒ)
256 3368 266 3438 ll
280 3373 313 3424 25
332 3369 406 3424 *hae
425 3375 474 3440 Aa,
492 3371 563 3427 haec
577 3376 643 3426 aba
657 3375 714 3443 1126
730 3372 821 3441 quaed
836 3376 876 3426 Aa
889 3375 898 3443 ll
912 3379 947 3429 29
960 3373 1061 3429 molier

94 3454 158 3492 cum
176 3437 246 3494 lesit
261 3457 298 3496 ne
316 3445 357 3495 Aa
369 3444 381 3513 ll
394 3446 429 3498 30
447 3442 467 3499 l.
486 3460 537 3500 nos
557 3460 587 3500 es
604 3447 626 3497 B
