2386 3816
115 144 159 209 94
482 141 712 209 aurneinan
764 151 766 155 ·

18 327 21 334 ·
115 329 209 372 nasse
238 307 392 391 creditur,
421 306 533 372 schola
560 307 700 372 evasisse
727 308 885 390 tyrannos
909 308 942 369 et
963 302 1082 370 hostes

114 396 242 481 patriae
262 394 362 461 suae?
384 399 520 461 nonest
540 396 643 480 igitur
656 395 840 460 necessaria
857 393 1081 477 philosophia.

114 485 216 571 Atqui
239 486 336 551 etium
358 489 396 549 ut
420 484 526 550 studio
545 484 709 569 perveniri
728 483 769 548 ad
788 482 984 568 sapientiam
1002 505 1082 566 pos·

115 575 167 660 sit,
189 575 244 639 via
261 578 373 640 tamen
392 574 459 639 eius
479 573 645 658 <in>certa
663 577 721 638 cst.
744 593 885 656 namque
903 576 941 637 ut
960 593 1080 638 omnes

78 677 94 727 5
113 664 147 748 in
169 685 272 728 unum
294 663 508 748 philosophos
531 661 736 746 contraham,
761 683 831 727 non
854 664 965 726 tamen
987 661 1080 727 inter

114 749 1080 837 eosconstarepotest,quaepotissimumeectaadaciacenda

112 841 221 928 nobis,
254 843 371 927 quibus
400 843 584 926 praeceptis
614 840 793 926 parendum
826 840 879 906 sit
924 843 1079 926 pugnant

111 930 199 996 inter
225 953 260 995 se
288 934 385 1015 atque
413 930 609 997 dissentiunt
636 934 670 995 et
692 933 883 1016 perpetuam
904 928 991 993 hanc
1013 950 1078 1014 per

112 1022 243 1085 saecula
264 1020 356 1085 litem
378 1019 523 1086 trahunt.
569 1019 643 1085 aliis
673 1041 835 1084 summum
862 1019 984 1083 bonum
1017 1040 1078 1084 vo-

59 1125 93 1173 10
113 1110 222 1194 luptas
245 1109 399 1196 hebetur3
433 1109 564 1195 quidam
586 1107 620 1173 id
643 1109 678 1174 in
699 1108 788 1173 nuda
810 1108 932 1173 virtute
954 1127 1075 1192 posue-

112 1203 201 1283 runt,
224 1198 375 1264 nonnulli
398 1200 534 1264 miscere
557 1199 622 1263 ista
645 1197 753 1263 conati
777 1200 854 1262 sunt
878 1200 976 1281 atque
999 1217 1077 1263 aon·

110 1287 244 1352 fundere
286 1292 319 1352 et
347 1309 385 1352 ex
412 1288 508 1353 bonis
540 1288 685 1371 corporis
709 1286 873 1370 animique
896 1289 1077 1371 eteorum,

112 1397 194 1460 quae
217 1379 309 1441 extra
333 1380 451 1460 essent,
475 1377 515 1441 ad
538 1377 634 1441 finem
657 1376 744 1441 vitae
767 1376 883 1441 beatae
906 1375 1075 1460 perveniri

109 1486 206 1549 posse
239 1465 506 1549 exstimaverunt3
544 1465 720 1531 delectavit
755 1464 915 1549 quosdam
934 1462 1073 1529 modus

57 1567 89 1616 15
110 1555 263 1619 omnium.
300 1554 367 1619 iam
390 1575 467 1619 vero
491 1557 613 1639 quanta
636 1554 722 1619 circa
744 1554 821 1618 deos
844 1551 978 1640 pugna?
999 1553 1074 1638 qui-

109 1641 184 1707 dam
206 1643 288 1708 nihil
312 1643 366 1728 agi
390 1644 459 1708 sine
482 1643 689 1728 providentia
712 1642 854 1727 credunt,
882 1642 940 1708 alii
958 1662 1076 1708 curam

109 1730 242 1797 deorum
270 1733 357 1797 intra
384 1732 491 1798 sidere
518 1731 699 1816 continent3
736 1731 869 1817 quidam
898 1731 934 1797 in
962 1735 1075 1798 totum

108 1820 184 1886 deos
222 1821 439 1906 sustulerunt3
475 1821 607 1908 quidam
639 1843 712 1886 cum
743 1821 807 1887 hoc
839 1822 1073 1905 erubescerent,

107 1930 184 1975 cura
207 1932 321 1977 vacare
344 1913 457 1996 utique
481 1911 640 1977 dixerunt.
663 1910 699 1975 hi
721 1932 781 1976 nos
801 1910 843 1975 ad
862 1909 1074 1976 administra·

53 2012 87 2062 2ο
105 1998 229 2064 tionem
256 2001 306 2065 rei
332 2000 482 2084 publicae
504 2000 693 2084 hortantur,
722 2000 775 2064 illi
803 1999 887 2064 nihil
909 1999 1074 2085 periculo·

106 2087 173 2151 sius
198 2088 347 2154 civilibus
371 2089 487 2154 officiis
511 2089 653 2155 credunt.
683 2089 841 2174 quosdam
861 2088 971 2154 videas
992 2088 1071 2156 odio

104 2176 261 2259 pecuniae
288 2176 367 2242 ferri
399 2178 502 2243 nudos
531 2177 774 2263 expositosque,
802 2178 904 2243 veluti
927 2178 968 2245 ad
991 2200 1071 2264 pro·

104 2266 267 2330 vocandas
304 2267 523 2352 calamitatem
560 2271 648 2350 sunt,
685 2267 743 2353 qui
778 2267 963 2352 voluptates
999 2289 1071 2334 non

105 2354 204 2418 animi
232 2355 342 2439 modo,
376 2356 431 2422 sed
463 2357 561 2421 etiam
594 2356 739 2440 corporis
772 2357 857 2422 inter
889 2356 1070 2442 praecipua

52 2455 85 2506 25
105 2443 224 2509 ducant
255 2445 351 2510 bona.
397 2445 514 2531 quibus
547 2445 698 2511 credam?
742 2446 859 2530 quibus
893 2446 1070 2512 accedam?

104 2533 259 2617 quidquid
277 2534 468 2620 probavero,
490 2535 599 2619 plures
618 2535 770 2619 negaturi
785 2535 860 2600 sint.
892 2556 953 2601 nec
966 2557 1069 2620 porro

104 2642 322 2708 quaecumque
344 2623 605 2708 praecipiuntur,
629 2628 717 2690 stare
739 2628 884 2708 possunt.
930 2644 1010 2710 ergo
1033 2629 1071 2690 et

172 2837 188 2884 3
208 2832 288 2900 atqui
307 2832 381 2887 enim
400 2838 460 2902 ΑΒ,
481 2848 549 2889 corr.
570 2833 623 2890 cco
641 2836 650 2903 ΙΙ
673 2841 690 2888 4
708 2833 858 2908 <in>ccrta
878 2835 917 2890 Pi
934 2838 943 2906 ll
963 2841 979 2891 5
998 2852 1066 2891 con·

100 2904 174 2957 stare
192 2903 267 2958 inter
285 2920 332 2958 eos
349 2906 425 2974 ΔΙΙθ
444 2905 577 2961 ducenda
595 2909 676 2975 110,
695 2921 764 2962 corr.
784 2905 882 2977 110117
902 2907 940 2963 sit
958 2923 1008 2964 orn.
1026 2907 1068 3034 BH

100 2979 132 3027 12
153 2978 182 3028 et
200 2980 264 3030 aare
281 2990 377 3029 eorum
395 2992 445 3032 om.
465 2980 485 3029 B
506 2979 516 3045 ΙΙ
540 2983 574 3031 14
591 2978 736 3046 pervenire
755 2984 774 3032 11
789 2979 798 3046 ΙΙ
814 2984 846 3032 14
865 2977 1051 3035 existimatur

98 3046 146 3113 ΒΙΙ
166 3046 265 3100 modos
283 3050 312 3114 B,
331 3063 405 3102 mors
423 3053 441 3099 0
462 3050 471 3119 u
494 3054 525 3102 15
545 3048 689 3103 hominum
709 3053 789 3117 ΔΜ,
809 3065 877 3104 corr.
897 3051 946 3104 Bu
966 3052 975 3121 ll
996 3052 1065 3108 deos

98 3115 171 3170 circa
189 3121 230 3170 Aa
254 3119 264 3187 ΙΙ
286 3124 318 3173 16
335 3117 418 3188 nihil]
437 3119 468 3172 in
486 3119 579 3174 hocB
606 3121 616 3189 ΙΙ
643 3120 769 3190 credunt]
790 3124 819 3175 et
837 3121 933 3177 ordina
952 3127 973 3175 P
994 3125 1005 3192 ss
1029 3129 1064 3179 18

97 3188 264 3243 erubescunt
282 3193 361 3259 ΔΒο,
381 3206 448 3245 corr.
471 3189 513 3246 Gr
533 3194 542 3261 [Ι
564 3198 596 3246 19
615 3208 716 3247 vocare
734 3196 774 3245 Aa
801 3194 810 3262 {l
838 3195 957 3262 utraque
976 3199 1066 3263 nc,

96 3274 166 3316 corr.
187 3259 234 3328 Pi,
251 3260 349 3329 iraque
362 3261 419 3317 Aer
433 3263 441 3332 Η
455 3261 496 3316 hii
514 3267 562 3332 Aa,
581 3262 603 3318 ii
622 3265 662 3333 ⁰¹!
676 3269 709 3318 21
729 3263 826 3319 videor
844 3266 935 3334 31122
956 3267 1059 3339 veluti]

93 3343 221 3492 {1333
234 3369 243 3437 ΙΙ
257 3375 292 3422 24
310 3368 403 3424 animo
422 3371 516 3439 31126
537 3370 663 3442 plurisnc
681 3371 772 3441 pluris
791 3388 853 3442 neg.
873 3374 918 3442 ΒΙΙ
932 3378 965 3429 27
985 3377 1061 3430 staro
