2386 3816
309 155 627 215 DECLAMATIONES.
648 156 773 214 occuli
957 160 1021 226 383

60 320 197 405 quodam
227 341 303 386 casu
330 324 363 386 et
387 321 512 385 incerta
534 322 646 405 populi
669 344 762 406 aura,
784 357 830 371 -
855 345 915 390 nec
943 349 1021 390 sane

60 431 193 476 vacasse
221 413 290 474 tam
319 410 426 475 subito
456 409 609 475 dilectum
633 411 750 477 ducum
773 433 869 498 agere
891 451 936 461 -
958 416 1022 480 fac-

57 504 127 563 tum
152 499 274 583 ducem,
297 498 353 582 qui
373 498 500 564 nullum
520 499 658 564 militiae
677 523 772 565 usum
790 501 939 587 haberet,
961 526 1021 569 nec

58 588 188 653 aliunde
211 588 331 652 victam
352 587 477 652 duobus
496 588 630 671 proeliis
649 590 771 655 urbem.
801 593 870 654 tum
890 592 1020 657 demum

57 676 257 741 intellexisse
290 677 461 761 populum,
501 678 629 760 qualem
661 677 797 742 haberet
830 679 954 764 ducem3
988 686 1055 746 ets

58 770 134 831 ante
163 787 274 830 omnes
304 765 425 830 amicos
454 769 607 848 paternos
629 765 805 831 frementes
828 769 956 832 venisse
980 769 1020 833 ad

57 854 203 935 divitem,
226 855 336 937 palam
360 857 494 938 questos
517 854 557 921 do
580 854 674 939 duce3
697 856 868 922 adiecisset
904 861 1021 942 >pater

56 947 146 1025 tuus,
181 943 210 1008 si
242 944 379 1027 viverat,
409 965 469 1026 pro
501 943 608 1027 putria
641 967 732 1010 arma
766 946 918 1028 cepisset:
954 969 1020 1010 non

57 1035 144 1097 esset
162 1054 280 1116 passus
299 1033 409 1096 vexari
433 1054 502 1096 rem
520 1034 684 1116 publicam
703 1037 736 1099 et
754 1033 898 1098 hostium
921 1036 1020 1100 armis

58 1124 91 1185 et
115 1121 258 1204 imperiti
282 1121 372 1185 ducis
396 1121 573 1186 consiliis<
617 1144 785 1188 accensum
809 1123 861 1186 his
885 1126 1017 1188 vocibus
1040 1141 1072 1190 ιο

56 1231 117 1292 pro
148 1209 252 1274 salute
282 1231 320 1274 ac
343 1210 494 1275 libertate
517 1211 663 1275 omnium
685 1213 742 1294 pia
767 1233 857 1276 arma
881 1213 1019 1296 cepisse,

58 1299 203 1380 privatas
236 1320 362 1382 quoque
396 1297 552 1364 adiecisse
589 1299 683 1364 vires.
737 1299 817 1365 urbe
855 1322 1020 1385 egressum

59 1388 186 1452 solutos
223 1387 350 1452 laetitia
388 1387 543 1453 victoriae
575 1388 688 1454 hostes
725 1394 758 1456 et
789 1389 872 1454 nihil
905 1390 1021 1472 minus,

58 1498 156 1559 quam
194 1476 398 1560 eruptionem
426 1477 578 1542 timentes
608 1478 817 1561 oppressisse.
862 1478 924 1543 hac
956 1480 1020 1543 vic-

57 1565 144 1630 toria
167 1586 347 1650 accensum,
372 1566 465 1650 quasi
487 1565 522 1629 in
545 1566 770 1650 aemulatione,
794 1568 887 1652 gravi
908 1568 1019 1632 dolore
1040 1584 1072 1633 15

59 1655 218 1719 exarsisse
233 1654 354 1719 ducem.
379 1653 519 1740 (quem)
530 1676 603 1720 cum
621 1656 744 1720 diceret
761 1657 848 1720 malo
873 1657 1019 1741 exemplo

59 1743 202 1808 militare
225 1743 383 1827 privatos,
406 1748 439 1807 et
462 1765 535 1809 cum
559 1765 671 1810 omnes
696 1743 792 1808 amici
814 1744 923 1809 divitis
948 1767 1020 1809 cum

56 1832 155 1897 divite
189 1837 315 1916 essent,
345 1853 412 1897 non
442 1832 573 1898 difficile
600 1833 814 1916 persuasisse,
845 1837 882 1897 ut
908 1837 1020 1916 portas

58 1920 298 2004 claudere<n>t
349 1921 471 1986 milites
504 1924 612 1986 autem
643 1921 790 1987 confecto
822 1921 947 2004 proelio
980 1921 1020 1984 ad

58 2009 315 2092 gratulationem
337 2011 509 2075 redeuntes
530 2014 642 2094 portas
662 2011 789 2075 clausas
809 2009 1018 2095 obstipuisse3
1038 2027 1073 2076 ao

59 2102 272 2183 posteaquam
294 2120 372 2164 vero
396 2100 476 2164 iussi
501 2100 568 2163 sint
590 2121 681 2164 arma
698 2121 828 2186 ponere,
851 2099 1019 2182 aliquanto
1068 2100 1079 2111 “

58 2187 189 2271 gravius
223 2188 396 2270 exarsisse,
427 2188 530 2254 veluti
561 2189 739 2273 parricidas
768 2210 802 2253 se
831 2187 957 2253 excludi
987 2192 1020 2252 et

58 2277 193 2342 armatis
226 2276 376 2342 hostibus
404 2278 545 2342 inermes
573 2277 668 2343 obici.
714 2278 798 2343 hanc
829 2277 1020 2342 seditionem

58 2367 222 2431 volentem
246 2367 354 2432 sedare
378 2366 511 2432 divitem
534 2371 662 2450 tempus
687 2367 809 2451 petisse
827 2387 894 2431 non
914 2365 1019 2448 magis

58 2454 272 2537 deliberandi,
312 2477 410 2539 quam
445 2455 596 2541 rogandi:
636 2459 669 2519 et
704 2455 813 2519 triduo
845 2454 903 2518 illo
935 2453 1019 2518 nihil
1038 2470 1072 2520 25

57 2544 148 2608 aliud
172 2544 288 2628 egisse,
311 2566 409 2628 quam
432 2544 530 2610 modo
554 2545 711 2628 singulos,
734 2544 830 2608 modo
852 2542 1019 2607 universos

56 2651 200 2716 rogasse.
234 2631 310 2697 illos
330 2654 456 2718 quoque
475 2634 652 2699 securiores
671 2632 781 2716 fuisse,
804 2637 1020 2716 posteaquam

58 2743 96 2786 ex
115 2724 187 2786 toto
205 2723 378 2786 recessisse
396 2721 524 2787 hostem
544 2721 746 2787 crediderint.
775 2721 896 2785 redisse
911 2724 1020 2785 autem

58 2832 92 2874 se
122 2832 141 2874 a
169 2810 255 2874 bello
285 2810 325 2875 ad
353 2810 524 2894 iudicium,
553 2812 644 2877 etin
668 2810 864 2875 conscientia
888 2809 1019 2874 maximi

128 3009 143 3057 2
163 3018 306 3058 vacasse
325 3002 510 3072 Alsubitum
529 3002 664 3059 delictum
682 3003 806 3073 Blltnc
820 3004 914 3072 Aasst
932 3003 1020 3058 alium

56 3098 86 3158 Β,
107 3092 183 3147 aliud
202 3092 246 3161 Pu
260 3091 401 3148 devictam
419 3095 494 3163 3119
513 3092 599 3163 esset]
620 3077 654 3147 ᾗ
667 3097 697 3157 B,
716 3092 803 3148 etiam
821 3092 864 3160 Pl
880 3097 912 3145 10
931 3091 1019 3160 impe-

55 3164 116 3219 ritis
133 3166 207 3234 nn
226 3169 260 3217 12
279 3164 341 3219 urbi
359 3166 451 3232 alio
470 3162 595 3238 (quem)
614 3164 658 3218 Ro
679 3164 688 3234 l
707 3164 821 3219 duceret
837 3164 882 3231 ΒΗ
898 3166 930 3215 18
949 3160 1019 3214 divi-

54 3239 98 3291 tes
115 3240 186 3289 ΔιΒ
208 3237 218 3305 l
240 3236 348 3306 portas]
367 3252 469 3305 parens
487 3239 508 3289 B
526 3237 536 3306 fl
556 3241 588 3291 19
608 3234 735 3290 cloderet
752 3238 814 3301 ΔΒ,
833 3231 1020 3305 cludere<n>t

57 3309 113 3360 Aer
127 3309 138 3376 ΙΙ
150 3312 185 3362 20
205 3306 297 3363 clusas
315 3310 386 3360 m
400 3308 410 3378 ll
429 3306 605 3376 obstupuisse
623 3310 644 3362 B
666 3307 677 3376 l
700 3311 734 3361 24
753 3307 931 3368 sanarent,
951 3319 1019 3358 corr.

57 3377 100 3432 Ro
123 3381 133 3446 l
155 3383 191 3432 28
210 3395 244 3433 ex
261 3379 368 3434 tortore
387 3378 502 3432 cessisse
521 3381 569 3430 ΔΒ
588 3379 598 3448 l
616 3376 807 3448 compererint
825 3375 944 3442 Rota&
962 3389 1033 3425 asn-

56 3449 203 3504 scientium
221 3453 299 3501 B-l’
