2386 3816
151 151 218 217 260
518 138 747 217 cumulemur

149 315 277 399 pietas?
318 314 454 379 fratrem
483 312 629 378 occisuro
658 335 724 379 non
747 315 906 380 succurrit
934 315 1117 380 eommunis

152 403 287 468 uterus?
320 424 386 467 non
410 403 522 468 eadem
545 423 642 466 causa
664 403 774 469 vitae?
801 424 869 468 uon
891 425 957 468 una
979 403 1119 487 primor-

152 491 227 558 dia?
268 512 334 556 non
355 491 414 556 illa
439 491 679 576 [consuetudo]‚
702 512 784 577 quae
808 491 934 559 alienos
957 492 1060 558 etiam
1083 515 1120 558 ac

152 581 243 646 nulla
269 580 508 646 necessitudine
535 580 622 645 inter
648 602 684 645 se
712 580 899 646 coniunctos
923 602 1119 666 componere

118 674 188 734 set
220 670 402 756 astringere
435 668 616 733 adfectibus
643 671 768 753 potest,
799 669 1008 735 consuetudo.
1029 674 1120 735 actae

153 759 276 843 pariter
298 758 469 841 infantiae,
496 757 656 843 pueritiae
680 757 797 842 studia,
819 758 921 841 lusus,
944 758 1121 842 trist[it]ia,

154 846 239 912 ioci?
276 848 423 912 membra
449 846 578 911 hercule
606 846 693 912 inter
721 869 755 912 se
779 847 875 912 citius
898 848 1120 933 pugnaverint

154 940 187 1000 et
211 937 239 1000 si
263 958 327 1021 qua
350 937 385 1000 in
408 936 504 1001 nobis
526 938 645 1000 natura
668 935 848 1021 geminavit
865 935 1011 1002 diversos
1031 958 1121 1021 cepe

152 1025 221 1089 rint
244 1024 400 1090 adfectus.
429 1047 505 1089 nam
525 1023 602 1108 quid
621 1028 672 1089 est
690 1024 779 1088 aliud
796 1023 998 1108 fraternitas,
1022 1047 1120 1110 quam

100 1128 134 1177 10
154 1113 276 1179 divisus
306 1114 441 1199 spiritus
466 1118 510 1194 et,
541 1134 624 1197 quae
647 1112 689 1180 ad
710 1113 849 1178 tuendos
872 1134 933 1178 nos
959 1135 979 1178 a
1000 1118 1121 1179 natura

154 1224 308 1268 concessa
323 1206 408 1287 sunt,
423 1201 665 1286 multiplicata?
679 1223 718 1266 eo
733 1200 864 1285 quidem
879 1201 1018 1286 felicius,
1032 1203 1119 1287 qued

153 1290 289 1356 diversis
318 1291 418 1357 etiam
451 1312 487 1356 ac
517 1291 715 1356 distantibus
749 1291 830 1355 locis
864 1311 934 1355 esse
967 1291 1057 1371 idem
1084 1314 1121 1357 ac

152 1380 247 1463 plura
284 1379 382 1444 simul
419 1379 510 1445 obire
541 1400 724 1462 possumus.
777 1378 855 1444 huic
885 1380 1122 1445 necessitudini

153 1468 208 1551 qui
231 1467 308 1532 dare
331 1489 492 1533 venenum
512 1472 631 1552 potest,
653 1490 721 1533 non
739 1468 850 1533 oculos
870 1467 1001 1534 effodiet
1021 1469 1121 1536 sues?

101 1570 133 1619 15
152 1577 219 1620 nen
241 1578 357 1622 manus
379 1556 414 1621 in
436 1557 560 1620 viscera
579 1578 638 1620 sua
656 1555 820 1622 armabit?
842 1555 944 1622 habet
962 1578 1042 1643 erge
1056 1557 1121 1624 hcc

152 1645 294 1729 primum
336 1643 392 1731 (ut
432 1645 621 1729 parcissime
658 1644 817 1730 dixerim)
857 1644 1119 1712 admirationem.

152 1755 257 1818 neque
285 1754 345 1820 ego
373 1734 502 1818 ignore,
529 1731 666 1817 iudices,
694 1737 828 1818 quanto.
845 1756 896 1799 me
924 1756 1021 1801 onere
1048 1758 1122 1820 pre·

153 1844 264 1888 mam·
296 1824 366 1908 ipse
390 1824 560 1907 confiteor,
587 1822 686 1887 nullis
709 1822 896 1909 suppliciis,
922 1824 1020 1889 nullis
1043 1846 1128 1908 poe-e

152 1912 222 2064 nis,f
236 1913 329 2014 nulla
352 1935 404 1977 me
427 1913 572 1978 omnium
594 1911 764 1976 hominum
786 1912 837 1976 ira
854 1933 951 1995 posse
974 1934 1123 1999 pensare,

100 2014 135 2063 20
154 2024 182 2066 s1
220 2023 277 2066 eci.

220 2088 302 2154 Vult
330 2089 500 2155 detrahere
526 2089 730 2155 fraternitati
763 2090 1006 2156 auctoritatem:
1038 2091 1122 2174 „dis-

154 2177 281 2261 cordes,
312 2177 432 2262 inquit,
464 2177 600 2244 fuistis“.
656 2178 800 2244 nondum
831 2178 994 2244 rationem
1021 2177 1121 2245 huius

154 2266 297 2331 criminis
326 2266 437 2331 reddo:
470 2267 553 2331 illud
578 2267 709 2332 interim
737 2270 856 2350 testor,
882 2267 968 2332 hunc
994 2267 1122 2334 bonum

155 2356 295 2420 amicum
318 2356 448 2441 utrique
471 2355 672 2422 maledicere.
716 2377 801 2421 nune
824 2355 919 2439 mihi,
946 2356 1064 2442 frater,
1087 2359 1121 2423 in

101 2456 136 2506 25
155 2465 355 2530 quacumque
383 2447 476 2529 parte
502 2448 639 2510 naturae
663 2466 711 2530 es,
739 2445 864 2532 agenda
887 2466 983 2509 causa
1007 2450 1041 2510 et
1064 2451 1122 2511 tua

156 2536 216 2600 est.
250 2516 380 2620 Aliquid
406 2555 445 2598 ex
469 2556 596 2599 summa
618 2533 833 2600 fraternitatis
852 2533 959 2619 gratia
978 2533 1122 2600 defuisse

155 2623 260 2687 visum
285 2628 336 2689 est
359 2623 543 2708 aliquando,
566 2623 642 2687 dum
665 2622 805 2688 forsitan
824 2627 961 2707 uterque
980 2623 1118 2689 alterius

156 2712 301 2777 animum
324 2711 430 2798 magis
455 2711 556 2797 exigit
573 2711 690 2776 fiducia
709 2711 768 2776 sui.
800 2710 882 2777 bene
900 2710 1034 2777 hercule
1052 2713 1118 2778 fcr-

155 2803 248 2883 tuna,
276 2801 361 2885 quod
391 2801 525 2885 uterque
552 2804 631 2866 tunc
659 2800 847 2884 incolumis,
876 2801 961 2884 quod
984 2807 1120 2886 penates

234 3015 250 3063 3
277 3009 477 3089 [consuetudo]
507 3009 549 3064 Gr
580 3011 589 3078 ll
621 3015 639 3089 t
664 3009 739 3064 inter
765 3026 794 3064 se
822 3025 872 3064 cm.
900 3012 921 3060 B
953 3010 962 3078 ΙΙ
994 3014 1011 3064 6
1039 2978 1121 3064 ludus

155 3084 193 3133 nb
216 3081 225 3151 ΙΙ
247 3079 392 3150 trist[it]ia
415 3080 460 3135 Re
482 3082 492 3149 i
516 3085 532 3134 8
552 3080 758 3150 germmavitl’
779 3082 789 3150 ΙΙ
813 3086 828 3134 9
849 3087 881 3147 Ν
902 3083 925 3132 Δ
941 3081 1014 3204 ΕΙΙΙΟ
1033 3096 1051 3134 a
1069 3097 1119 3136 om.

155 3154 178 3203 Δ
200 3151 209 3219 ΙΙ
233 3157 266 3206 12
290 3150 487 3206 assistentibus
512 3154 547 3217 Δ,
576 3149 771 3205 assistentibus
790 3155 824 3218 B,
853 3167 922 3207 corr.

155 3225 231 3293 1311
246 3229 278 3277 13
298 3220 408 3277 obicere
427 3227 468 3274 Aa
491 3222 500 3289 ΙΙ
524 3227 558 3276 15
578 3222 699 3277 armavit
715 3226 823 3275 All-1³
836 3224 846 3293 {l
862 3228 894 3277 1‘1
913 3226 1019 3291 quante
1038 3222 1069 3276 in
1087 3240 1119 3277 so

155 3309 200 3347 me
219 3310 254 3348 ne
273 3294 424 3363 reprimam
442 3297 462 3345 B
485 3295 496 3363 n
520 3298 553 3348 18
572 3292 657 3346 nullis
676 3293 773 3362 poenis
791 3309 841 3350 om.
861 3297 902 3346 Aa
923 3295 933 3362 ΙΙ
958 3298 991 3347 19
1010 3294 1119 3348 nullam

155 3363 345 3490 communium
364 3370 385 3417 B
407 3367 418 3436 [Ι
440 3365 510 3420 iram
528 3380 591 3420 esse
609 3368 630 3416 B
649 3365 659 3434 l
677 3364 791 3435 pensari
808 3369 872 3434 AB,
892 3380 960 3420 corr.
982 3363 1040 3420 Obr
1057 3367 1067 3434 l
1085 3371 1118 3420 21

155 3453 190 3492 ru
220 3439 273 3490 AB

970 3167 990 3205 u
1012 3153 1022 3220 ll
1045 3151 1120 3206 idem
