2386 3816
147 177 214 242 330
513 172 742 241 QUINTILIANI

473 335 768 403 oooxxxvnl.

237 442 301 511 Lis
325 443 368 510 de
390 443 467 509 filio
491 443 713 527 expositoris
737 442 774 519 et
796 439 1016 525 repudiatae,

149 570 286 646 Quidam
317 570 488 654 repudiata
518 591 633 652 uxore,
665 590 704 633 ex
732 591 795 652 qua
825 567 976 632 iuvenem
1008 566 1113 632 filium

237 659 382 724 habebat
413 663 470 724 aut
502 658 672 724 videbatur
703 657 838 740 habere,
877 655 970 720 duxit
1001 656 1113 720 aliam.

112 763 129 811 a
237 748 422 832 frequenter
444 746 553 831 iurgia
571 752 665 811 erant
682 751 768 811 inter
791 745 978 830 privignum
1001 747 1034 809 εὴ
1056 766 1115 809 no-

153 834 154 837 ’
238 858 375 901 veroum.
421 835 561 920 quodam
589 839 735 919 tempore
764 834 912 899 adserere
936 834 1043 916 coepit
1065 833 1114 898 iu·

239 946 351 989 venem
379 945 502 1008 pauper
530 923 662 1008 quidam
689 927 722 988 et
750 923 854 987 dicere
883 944 977 986 suum
1000 921 1115 1010 filium.

239 1015 281 1095 is,
310 1013 366 1098 qui
389 1016 482 1096 pater
506 1013 689 1096 videbatur,
718 1011 816 1077 torsit
837 1011 1007 1075 nutricem.
1053 1011 1115 1075 illa

239 1103 353 1186 primia
377 1102 551 1167 tormentis
576 1100 699 1166 domini
718 1123 788 1166 esse
807 1100 912 1164 filium
930 1099 1021 1165 dixit.
1054 1100 1113 1164 ite-

238 1213 312 1256 rum
343 1194 430 1256 torta
459 1190 541 1256 dixit
570 1189 752 1275 expositum
780 1211 851 1254 esse
881 1189 921 1253 ab
951 1188 1025 1271 illc,
1059 1189 1115 1272 qui

240 1281 368 1361 asserit,
401 1282 434 1343 et
465 1280 550 1343 inter
563 1279 657 1352 ‘haec
684 1282 813 1344 mortua
842 1281 900 1343 est.
950 1277 1037 1342 cedit
1064 1277 1116 1342 illi

239 1372 333 1451 pater
356 1370 515 1451 iuvenem,
538 1367 708 1451 repudiata
731 1366 874 1432 vindicat
893 1366 964 1432 sibi.

342 1540 394 1594 DE
414 1540 634 1596 PROOEMIO
654 1542 707 1597 ET
726 1539 921 1597 EPILOGO.

548 1702 720 1770 SERMO.

97 1824 131 1873 15
217 1808 426 1875 Prooemium
448 1810 614 1896 propriam
638 1811 788 1894 formam,
810 1810 976 1894 propriam
999 1811 1116 1895 legem,

151 1898 319 1983 proprium
346 1899 477 1964 modum
506 1898 623 1965 habet:
655 1921 758 1984 neque
785 1898 984 1964 narrationis
1008 1899 1117 1964 forma

152 1987 238 2052 cadit
270 1987 304 2051 in
339 1989 557 2072 prooemium,
593 2010 696 2072 neque
729 1988 882 2053 locorum.
936 1988 995 2051 uni
1027 1988 1117 2072 parti
1164 2003 1166 2007 ’

152 2074 395 2140 declamationis
414 2076 500 2141 solet
518 2098 588 2141 esse
609 2077 723 2159 simile,
743 2077 887 2161 epilogo:
910 2077 984 2142 ideo
1004 2081 1114 2142 autem

152 2163 272 2246 simile,
300 2163 385 2247 quod
419 2167 556 2249 utraque
579 2187 659 2248 pors
689 2165 873 2250 frequenter
901 2169 994 2232 extra
1022 2187 1117 2251 quee-

97 2253 291 2318 mationem
320 2256 378 2316 est.
419 2275 496 2317 nam
525 2258 558 2317 et
579 2253 782 2337 prooemium
805 2277 875 2318 rem
896 2254 1061 2338 praecedit
1084 2258 1118 2319 et

153 2342 299 2428 epilogus
327 2341 421 2406 finita
448 2364 483 2406 re
512 2341 639 2408 dicitur.
685 2348 854 2426 praeterea
877 2348 1015 2428 utraque
1033 2365 1117 2426 pars

152 2430 238 2495 idem
262 2430 333 2495 vult
357 2430 493 2516 efficere,
517 2432 687 2497 conciliare
712 2432 774 2496 sibi
797 2432 945 2498 iudicem.
973 2433 1037 2497 hoc
1056 2431 1117 2496 dif-

152 2519 273 2583 ferunt:
314 2520 481 2602 prooemia
516 2525 683 2603 praestare
717 2520 847 2604 debent,
884 2525 921 2584 ut
951 2521 1118 2586 intentum

153 2607 291 2672 iudicem
309 2609 445 2690 faciant3
464 2608 545 2674 haec
563 2631 639 2692 pars
655 2609 763 2674 oneris
779 2610 908 2695 epilogo
922 2610 1117 2675 remittitur:

99 2709 134 2759 25
154 2695 235 2760 dixit
250 2696 345 2760 enim.
360 2697 579 2782 †praecedere
594 2697 724 2762 interim
742 2699 825 2764 solet
839 2699 1003 2784 epilogum
1013 2700 1117 2784 †,quo

223 2858 239 2904 3
259 2853 288 2905 εὴ
305 2852 354 2920 qui
372 2857 392 2904 B
411 2855 420 2922 ΙΙ
440 2860 455 2907 6
482 2870 611 2908 assero
634 2858 656 2907 Δ
675 2856 684 2924 ll
700 2860 731 2908 11
751 2855 825 2910 inter
842 2855 913 2910 haec
930 2855 1120 2911 intermortua

151 2926 172 2974 B
195 2924 204 2990 ΙΙ
227 2921 277 2976 illo
296 2926 319 2975 Δ
342 2924 351 2992 ΙΙ
376 2930 408 2977 12
427 2924 557 2993 repudiat
574 2929 622 2976 AB
641 2926 650 2994 ll
671 2932 703 2979 13
723 2926 881 2994 prhoeffi
894 2931 916 2980 Δ
930 2929 939 2998 ΙΙ
952 2927 1119 2997 prohoemio

151 2995 196 3047 lu'c
214 3000 240 3048 et
255 2999 349 3062 postea
368 2998 405 3060 Δ,
423 2995 542 3068 phemio
561 2997 606 3050 tic
624 3003 649 3052 et
663 3004 759 3065 postea
774 3002 797 3049 v1!
821 2999 830 3067 ll
854 2996 961 3067 epilogi
980 3002 1030 3051 AB
1052 3001 1062 3068 n
1083 2999 1119 3054 de

152 3083 193 3134 pr.
215 3065 244 3118 et
262 3065 374 3134 epilogo
393 3068 484 3119 acacio
503 3085 541 3120 an
559 3084 593 3121 ea
611 3069 735 3136 rrrorpiue
752 3070 908 3136 inrepserit,
926 3071 960 3136 cf.
979 3072 1099 3140 prolepp.
1110 3071 1120 3141 ll

153 3141 186 3190 14
204 3135 398 3231 rohemiuz
416 3138 459 3206 ΒΙΙ
475 3142 507 3190 15
526 3138 680 3207 pilogus
698 3144 718 3191 B
733 3141 742 3210 Η
758 3145 790 3194 18
806 3141 947 3211 epilogum
961 3145 982 3194 Β
996 3143 1006 3212 {l
1022 3148 1055 3197 19
1074 3159 1121 3198 res

85 3263 87 3268 ·
151 3247 211 3307 An,
230 3242 426 3312 ουτω-,1101110
445 3243 573 3312 procedit
590 3248 681 3314 31121
700 3245 781 3301 finita
799 3263 857 3301 rem
876 3252 908 3313 A,
926 3248 1065 3304 finitatem
1084 3249 1122 3322 ΒΗ

151 3313 222 3367 dicit
238 3320 258 3367 Ρ
281 3315 290 3383 ΙΙ
314 3331 358 3369 ree
377 3318 442 3380 AB,
463 3331 532 3369 corr.
552 3315 596 3369 Ro
610 3317 618 3385 ll
633 3322 667 3370 25
686 3319 814 3386 repetere
832 3318 947 3375 iuterim
966 3319 1040 3375 solet
1057 3321 1120 3390 epi-

142 3383 241 3466 ¹Iogue,
264 3402 321 3455 quo
341 3392 387 3443 etc.
411 3385 469 3456 θη·
492 3389 635 3458 proestare
654 3387 766 3442 iuterim
787 3407 807 3443 s.
828 3389 969 3460 epilogus,
988 3409 1045 3460 quo
1064 3391 1122 3460 Ro,

130 3471 166 3510 m
181 3474 243 3526 quo
259 3463 416 3531 praestare
435 3462 543 3519 dictum
562 3466 594 3518 ut
615 3460 714 3517 Inatlt.
733 3460 980 3525 orut.V1,3,1or
