2386 3816
249 151 588 240 'nucnrurrronns
608 182 788 240 cccxxxn.
957 185 1021 250 309

59 347 179 412 omnia.
220 347 325 411 voluit
354 346 460 411 simile
488 367 558 411 esse
582 346 735 412 iudicium
760 370 854 413 suum
878 369 950 413 meo
974 353 1023 414 te-

58 439 222 501 stamento
255 439 288 500 et
320 435 557 520 quodammodo
590 436 716 501 invenit
748 437 924 521 rationem,
957 460 1022 522 qua

55 529 168 609 posset
191 523 333 588 iudicare
356 529 433 608 post
455 527 604 590 mortem.
640 525 728 589 istud
751 547 828 590 vero
848 526 943 611 quale
963 530 1021 613 est,

56 613 143 699 quod
166 613 288 678 offers?
326 612 458 698 reliquit
481 613 562 678 mihi
584 613 675 680 dives
699 614 823 679 amicus
846 618 1018 699 pauperta-

55 702 145 768 tem?
197 701 273 767 Non
302 702 415 766 stetim
444 702 483 767 de
508 702 616 768 animo
639 703 771 789 loquer:
807 703 939 768 interim
963 719 1055 788 poe

54 792 149 858 testis
178 794 364 875 permutata
393 791 444 876 (ut
472 791 519 856 sie
547 791 697 878 dixerim)
721 792 946 876 translataque
969 792 1020 856 in·

56 880 158 947 vicem
188 879 322 945 fortune
352 880 523 945 aestimare
554 881 613 946 ius.
656 882 819 968 fingamus
848 881 935 945 enim
957 881 1020 945 hoc

55 969 195 1053 aliquem
226 990 402 1052 pauperem
436 969 604 1052 scripsisse
635 968 673 1034 de
703 971 811 1036 divite.
857 969 1019 1055 quomodo

55 1078 185 1122 causam
218 1057 438 1142 explicamus?
482 1058 583 1123 alium
614 1057 693 1122 fecit
724 1059 890 1143 heredem,
922 1057 1019 1124 iussit

56 1147 161 1211 amieo
184 1147 340 1230 locupleti
362 1149 491 1211 tantum
514 1146 595 1231 dori,
619 1151 777 1231 quantum
800 1148 870 1232 ipse
895 1147 957 1212 sibi
975 1153 1021 1212 te·
1041 1162 1075 1213 10

57 1238 219 1300 stamento
252 1235 353 1300 duret.
404 1235 448 1300 sit
480 1235 648 1300 inventum
680 1237 748 1300 tale
779 1239 1023 1321 testamentum,

61 1323 154 1408 quale
179 1327 229 1389 est
252 1345 376 1388 meum:
398 1345 477 1390 num
501 1324 541 1388 ab
564 1324 682 1389 herede
705 1328 834 1390 tantam
852 1325 1024 1409 pecuniam

60 1416 197 1496 peteret,
222 1415 376 1496 quantam
399 1412 469 1497 ipse
492 1412 699 1498 possideret?
735 1435 817 1499 non,
840 1417 877 1478 ut
900 1414 1024 1498 opinor.

58 1522 135 1566 nam
158 1521 199 1565 ne
222 1505 334 1587 posset
358 1501 487 1586 quidem
510 1501 589 1567 dari.
627 1501 683 1567 sed
706 1503 788 1566 illud
812 1505 1021 1567 succurreret:

61 1589 132 1654 dari
155 1589 217 1654 tibi
240 1589 352 1674 iussit,
375 1590 460 1675 quod
483 1590 582 1656 titulo
606 1592 799 1657 testamenti
821 1591 937 1656 dabas:
970 1591 1076 1656 dri-15

59 1678 119 1743 bes
153 1681 262 1743 autem
294 1678 518 1744 hereditatem.
563 1679 645 1744 nihil
684 1681 772 1745 ultra
807 1679 1025 1744 hereditatem

58 1770 169 1852 petere
188 1766 296 1832 debes.
320 1767 411 1854 atqui
430 1769 480 1832 ius
499 1766 585 1832 idem
604 1771 663 1852 est,
686 1768 785 1834 verba
805 1767 917 1832 eedem
935 1770 1024 1832 sunt:

59 1877 118 1921 nec
143 1878 215 1921 cum
238 1856 388 1940 personis
412 1856 463 1920 lex
488 1859 615 1921 mutate
639 1860 696 1922 est.

128 1943 224 2010 Nunc
251 1948 290 2010 ut
318 1945 462 2009 animum
490 1965 617 2029 quoque
646 1945 832 2010 intueamur
859 1942 1023 2009 testantis:

62 2033 179 2098 hocine
207 2033 302 2098 illum
329 2033 471 2099 voluisse
500 2032 719 2098 existimatis?
756 2032 828 2097 ideo
856 2032 1026 2118 inquisivit
1043 2049 1078 2097 uo

64 2142 171 2188 meam
189 2121 296 2207 fidem,
317 2122 389 2187 ideo
408 2121 742 2207 viteecxperimentis
762 2120 891 2187 eredere
909 2143 1025 2207 parum

59 2211 201 2296 putavit,
230 2211 303 2276 ideo
331 2211 365 2275 in
393 2211 500 2295 ipsum
523 2210 647 2295 inrupit
670 2211 816 2276 animum
839 2213 873 2276 et
894 2211 1025 2295 penitus

59 2299 252 2365 intuendam
285 2300 435 2365 omnibus
464 2299 651 2364 hominibus
681 2303 823 2364 mentem
854 2299 956 2384 dedit,
988 2301 1026 2363 ut

60 2388 143 2452 mihi
173 2388 236 2454 hoe
265 2389 476 2474 relinqueret,
508 2388 596 2474 quod
623 2387 807 2454 habebam?
853 2391 904 2452 est
925 2408 1025 2471 quare

60 2477 189 2560 aperias
219 2476 466 2556 testamentum]
494 2479 544 2541 est
571 2498 671 2562 quere
694 2498 825 2543 omnem
849 2497 939 2561 spem
961 2475 1078 2540 tibine

59 2566 96 2630 in
119 2568 289 2649 posterum
313 2565 450 2631 excidas.
482 2566 589 2631 sciunt
610 2565 785 2650 propinqui
803 2566 876 2650 mei,
898 2565 1025 2629 nullum

62 2653 165 2719 olium
188 2655 270 2719 mihi
293 2655 450 2720 cariorem
473 2654 591 2738 fuisse3
614 2655 730 2739 sciunt,
754 2654 781 2719 si
804 2655 861 2739 qui
884 2653 939 2718 alii
957 2652 1025 2718 fue·

60 2746 140 2808 runt
155 2744 260 2828 amici,
279 2746 385 2809 totam
400 2745 540 2808 mentem
559 2763 665 2808 meam
684 2743 827 2808 deditam
847 2743 903 2807 uni
915 2740 1026 2808 fuisse.

61 2832 139 2917 quid
162 2833 299 2898 interest
322 2835 442 2916 eutem,
466 2834 622 2916 quantum
646 2832 699 2916 sit,
722 2831 808 2916 quod
827 2835 931 2897 totum
951 2830 1026 2898 est?

56 2921 229 2986 >omnium
253 2922 414 2987 bonorum
437 2920 552 2986 heres«
569 2957 607 2967 -
625 2920 779 3005 quidquid
802 2920 912 3003 habui,
935 2921 1026 3006 quid·
1044 2936 1079 2986 30

127 3120 142 3167 1
169 3114 234 3180 fort.
248 3112 383 3168 *iudicio
402 3128 466 3167 meo
486 3130 567 3169 suum
585 3115 785 3170 testamentum
805 3113 842 3184 (9)
865 3115 875 3184 [Ι
898 3117 968 3167 8-9
988 3113 1024 3166 de

54 3184 111 3240 div.
132 3203 159 3254 q.
180 3201 202 3240 c.
224 3185 397 3254 explicemus
416 3200 467 3239 om.
485 3188 527 3238 Aa
540 3184 580 3254 119
599 3185 687 3240 ulium
705 3184 813 3241 delevit
830 3188 869 3236 Ab
883 3184 893 3252 ΙΙ
908 3188 941 3236 13
981 3197 1024 3237 os-

55 3256 94 3311 rit
112 3261 135 3308 A
149 3258 158 3326 ΙΙ
174 3261 208 3310 14
227 3257 363 3310 succurrit
382 3259 439 3325 AB,
459 3271 527 3311 corr.
546 3255 600 3312 Seu
613 3258 623 3328 ΙΙ
638 3261 670 3312 15
689 3256 765 3310 tituli
785 3260 819 3324 B,
837 3257 870 3309 tu
887 3253 932 3307 illi
978 3253 1025 3326 ert!

52 3329 226 3383 testamento
245 3331 309 3394 An,
335 3343 404 3382 corr.
425 3327 464 3382 Pi
486 3328 495 3398 [Ι
519 3333 552 3382 17
572 3329 632 3398 ctqr
654 3327 702 3396 qui
720 3327 763 3381 ius
782 3325 896 3395 quidem
913 3329 934 3376 Ρ
955 3326 967 3394 ll
990 3329 1024 3379 18

52 3415 90 3453 ne
110 3415 231 3468 aequum
250 3402 291 3452 Aa
304 3399 314 3468 ΙΙ
327 3405 361 3454 22
381 3398 420 3454 id.
444 3398 502 3453 iem
525 3397 565 3471 ip.
582 3401 676 3473 Ptt‘zu
695 3399 727 3454 et
740 3399 837 3468 1th
856 3394 1050 3457 huermssb

52 3476 87 3525 29
107 3469 214 3541 autem]
231 3469 320 3524 enimi
337 3473 361 3523 A
379 3475 405 3527 et
424 3471 485 3531 edd.
