2386 3816
545 145 775 213 QUINTILIANI

557 342 769 410 ooonxvl.

323 467 479 550 negatus
501 467 601 534 filius
623 466 823 552 proditoris
846 467 996 536 occisus.

186 597 350 662 annrus
378 609 642 661 suonosmcrus
670 610 735 658 sin.
779 609 962 660 pneumon
991 612 1066 662 cun
1094 615 1147 662 nr·

269 700 372 750 Bnuls
394 701 542 749 urrunnu.
578 681 677 748 Cuius
700 682 786 746 filius
810 684 938 768 legatus
963 688 1046 770 erat,
1070 709 1147 770 pro·

147 788 163 837 5
271 773 404 838 ditionis
437 773 609 837 damnatus
643 775 702 859 esi.
751 775 967 837 revertentem
995 774 1147 861 legatum

271 862 403 947 quidam
426 860 552 926 occidit.
588 859 694 925 caedis
717 881 790 925 reus
814 864 872 924 est.

574 1036 749 1104 SERMO.

248 1163 384 1229 Fatetur
407 1161 537 1227 caedem
560 1185 643 1248 reus,
666 1161 721 1227 sed
744 1163 813 1227 iure
837 1161 988 1228 defendit.

495 1337 829 1406 DECLAMATIO.

132 1481 165 1530 10
249 1461 416 1547 ,Exulem
439 1463 555 1548 inquil,
577 1463 706 1533 occidi.“
738 1464 823 1529 Exul
847 1464 903 1529 ille
926 1466 1057 1549 quando
1081 1467 1146 1532 fac·

184 1556 237 1617 tus
259 1552 330 1617 est?
354 1551 426 1637 quis
444 1552 538 1617 illum
557 1553 742 1618 accusavit?
765 1554 837 1637 quis
858 1552 1048 1620 damnavit?
1074 1556 1144 1640 quis

185 1640 331 1726 expulil?
367 1640 459 1725 atqui
481 1641 528 1707 sic
550 1641 620 1706 fieri
643 1643 784 1726 exulem,
810 1646 904 1727 pater
926 1643 1016 1708 illius
1040 1666 1144 1709 exem·

183 1731 238 1816 plo
268 1733 331 1796 esi:
364 1734 397 1794 et
423 1731 497 1795 inde
520 1731 595 1795 exul
618 1753 743 1816 quoque
767 1730 871 1797 dictus
895 1736 958 1812 est,
988 1733 1084 1817 quasi
1108 1753 1144 1798 ex

185 1820 256 1885 solo
279 1819 386 1904 patrio
410 1819 573 1904 expulsus.
617 1824 742 1904 „palem
765 1820 887 1905 inquit,
909 1821 1015 1905 illius,
1036 1821 1145 1907 prodi·

132 1925 165 1975 15
183 1909 284 1974 lionis
317 1908 488 1974 damnatus
516 1913 579 1973 est:
612 1910 665 1973 lex
691 1914 799 1973 autem
827 1909 957 1974 exulare
981 1914 1016 1975 ei
1037 1910 1145 1994 prodi·

185 1999 267 2063 toris
300 1999 420 2063 liberos
448 1997 569 2063 iubetf‘
591 2052 594 2056 .
613 1996 660 2063 Ut
687 2019 797 2062 omnes
826 1999 879 2062 lex
908 1999 1037 2083 puniat,
1070 2000 1144 2065 huic

186 2091 298 2151 lamen
316 2086 482 2170 ignoranti
500 2086 664 2152 damnatio
683 2087 787 2170 patris
805 2109 921 2152 nocere
939 2111 1007 2152 non
1025 2087 1145 2154 debuit.

186 2178 268 2258 puta
294 2176 328 2239 in
356 2174 520 2259 privatum
543 2174 768 2260 compendium
790 2177 1048 2260 peregrinalum:
1081 2200 1144 2244 non

188 2267 263 2328 ante
288 2263 361 2328 exul
385 2263 449 2328 erit
470 2264 589 2349 ulique,
614 2287 710 2350 quam
735 2265 844 2330 scierit
867 2287 990 2330 ecesse
1011 2268 1144 2332 exulem

134 2369 168 2418 2ο
187 2353 306 2436 aliquis
329 2374 470 2437 poenam
494 2352 642 2436 sustinet,
665 2376 762 2438 quam
785 2353 927 2439 ignoras,
950 2359 983 2419 et
1006 2356 1075 2420 eius
1098 2357 1144 2420 esl

187 2441 395 2527 condicionis,
425 2442 515 2507 ouius
540 2464 574 2506 se
598 2464 667 2507 esse
689 2443 816 2508 nescit?
853 2465 949 2528 quem
972 2445 1075 2510 talem
1099 2467 1143 2510 sa-

187 2530 344 2613 crilegum
372 2529 522 2614 audistin,
555 2553 650 2615 quem
677 2530 887 2615 homicidam,
911 2555 1006 2618 quem
1029 2534 1144 2599 venefi-

186 2618 282 2683 cum?
300 2620 377 2685 novi
396 2620 523 2705 generis
541 2623 712 2685 nocenlem
726 2620 886 2704 producis,
904 2626 973 2686 lam
989 2644 1145 2707 securum,

186 2712 223 2772 ul
246 2729 281 2772 se
303 2731 344 2773 ne
366 2712 536 2774 nocentem
560 2707 689 2794 quidem
713 2709 803 2774 sciat.
843 2707 915 2794 Sed,
937 2711 1025 2795 quod
1048 2713 1144 2796 paulo

134 2812 168 2861 26
187 2799 263 2861 anie
289 2798 492 2882 remiseram,
523 2818 620 2882 nego:
653 2820 718 2863 non
743 2819 853 2863 omnes
878 2799 929 2863 lex
952 2801 1062 2886 punit,
1092 2800 1145 2866 sed

187 2887 344 2967 consume,
368 2885 424 2951 sed
447 2887 621 2970 participes
646 2887 790 2969 sceleris3
813 2887 880 2952 illis
903 2888 1067 2975 irascilur,
1094 2889 1145 2974 qui

187 2994 260 3037 cum
291 2976 385 3058 patre
412 2978 557 3058 peccant.
606 2997 710 3060 neque
743 2976 828 3041 enim
861 2977 1050 3044 innocentes
1080 2979 1146 3043 ulla

187 3061 238 3125 lex
261 3061 364 3145 punit.
409 3065 442 3126 el
470 3062 612 3128 hicnon
636 3065 741 3129 solum
769 3065 939 3149 innocens,
968 3067 1145 3133 sedetiam

257 3224 272 3271 2
292 3217 430 3288 legatur
449 3223 472 3271 Δ
490 3222 529 3289 116
557 3237 619 3274 reus
639 3220 731 3275 caedis
750 3226 771 3274 B
794 3223 804 3291 l
827 3229 841 3276 ‘1
861 3221 1004 3297 Dlssflssslssl
1020 3229 1061 3278 Aa
1083 3228 1093 3294 ΙΙ
1115 3217 1146 3280 lb

186 3289 266 3342 exul
283 3291 329 3359 ΔΙΙ
353 3296 385 3344 19
406 3290 525 3359 denique
544 3295 600 3358 Aa,
620 3307 687 3346 corr.
707 3292 751 3346 Ro
765 3293 775 3362 l
799 3299 904 3348 21-22
923 3294 1043 3351 audistis
1062 3299 1146 3352 sacri·

186 3358 280 3429 legum
299 3365 320 3413 B
338 3363 348 3430 l
371 3367 404 3416 26
424 3361 473 3430 qui
491 3378 542 3417 om.
561 3365 607 3433 ΔΙΙ
629 3369 738 3418 2811011
757 3365 846 3418 solum
867 3366 915 3420 sed
933 3371 962 3435 Β,
980 3382 1037 3421 non
1056 3369 1146 3424 solum

182 3430 296 3503 legatus
315 3433 364 3490 sed
383 3438 404 3488 1³
