2386 3816
307 195 310 201 ·
368 167 683 226 DECLAMATIONES.
704 169 818 226 CCLIX.
1033 171 1075 237 57

109 332 225 416 titate,
251 332 438 397 innocentia
465 332 556 417 fecit,
583 337 621 398 ut
647 332 733 398 inter
761 355 873 399 omnes
901 335 1001 400 etiam
1026 357 1076 399 su·

109 420 251 507 perieris
274 421 425 486 fortunae
449 423 635 487 carissimus
658 422 828 489 videretur.
869 423 981 509 itaque
1004 425 1075 490 her-

111 511 195 592 cule,
219 531 293 576 oum
312 530 449 596 peregre
471 511 634 595 proficisci
652 511 856 596 destinasset,
879 534 1076 597 quamquam

110 599 361 685 navigationum
397 600 542 685 pericula
576 621 642 666 non
679 600 846 687 ignoraret
880 602 1077 686 adulescens,

111 695 226 754 tamen
258 692 386 754 secutus
418 710 476 773 per
504 689 622 774 maria,
653 710 711 774 per
738 693 961 774 tempestates.
1010 705 1113 756 nouo

111 777 253 843 nimium
282 777 322 842 de
348 777 482 843 fortuna
509 779 685 863 querimurt
719 779 847 844 etiamsi
869 778 1077 864 naufragium

111 867 195 932 illud
227 866 349 932 multos
381 870 501 952 metus,
532 866 666 953 longam
692 866 911 951 vexationem,
944 867 1077 953 aliquod

114 955 232 1022 attulit
242 955 481 1040 detrimentum,
493 959 608 1021 tamen
621 978 691 1021 rem
705 956 934 1023 difficillimam
949 978 1077 1041 expres-

112 1045 168 1130 sit,
186 1044 263 1110 fidei
280 1044 550 1130 experimentum:
568 1045 603 1110 in
618 1045 676 1110 illa
690 1045 835 1111 omnium
848 1044 1078 1131 trepidatione,

111 1135 150 1199 in
177 1155 242 1218 qua
268 1155 328 1218 pro
355 1155 416 1199 sua
443 1134 580 1218 quisque
608 1135 713 1200 salute
741 1133 898 1200 sollicitus
928 1134 1010 1200 nihil
1038 1135 1076 1199 de
1098 1150 1132 1198 ro

112 1223 265 1308 proximo
298 1223 480 1309 cogitabat,
514 1243 587 1289 oum
621 1224 707 1288 inter
737 1222 854 1287 fluetus
888 1226 921 1288 et
952 1222 1078 1288 turbati

113 1313 217 1378 maris
240 1312 347 1378 minas
370 1313 425 1378 vix
447 1311 582 1378 evadere
603 1333 640 1378 ac
659 1333 736 1378 suae
755 1311 891 1397 quisque
910 1312 1077 1377 consulere

115 1400 217 1468 soluti
240 1400 413 1486 videretur,
432 1422 498 1468 non
511 1423 563 1467 me
577 1401 709 1467 hercule
727 1401 837 1486 miror,
860 1401 945 1486 quod
964 1423 1077 1486 quam·

114 1492 167 1556 vis
194 1490 339 1576 optimus
367 1495 463 1576 pater
490 1490 595 1556 filiam
617 1493 727 1556 tamen
749 1489 910 1574 respicere
932 1512 998 1557 non
1021 1511 1077 1574 po·

116 1579 192 1644 tuit
215 1579 287 1665 quis
306 1579 394 1645 enim
411 1579 474 1645 hoc
488 1580 633 1646 crederet
646 1601 741 1664 posse
754 1580 834 1663 fieri,
847 1583 884 1645 ut
897 1601 966 1645 non
979 1579 1076 1644 modo
1098 1594 1132 1643 15

117 1667 217 1734 saluti
239 1690 318 1734 suae
340 1668 531 1754 consuleret,
554 1690 666 1734 verum
689 1669 789 1734 etiam
812 1672 961 1753 suscepto
981 1689 1079 1734 onere

115 1757 319 1823 infirmitatis
348 1758 472 1823 alienae
504 1757 639 1823 evadere
667 1758 701 1822 in
731 1762 852 1823 terram
885 1763 918 1822 et
950 1757 1079 1823 vincere

114 1847 317 1913 imminentis
349 1846 501 1914 fortunae
527 1848 666 1930 impetus
696 1846 830 1930 posset?
875 1848 985 1930 itaque
1012 1866 1080 1911 non

116 1958 230 2002 servus
253 1936 341 2001 ullus
364 1938 432 2001 tam
455 1934 570 2019 fidelis,
592 1956 658 2002 uon
679 1935 817 2000 libertus
835 1938 904 2000 tam
923 1933 1079 1999 beneficio

116 2025 283 2110 obligatus
310 2025 570 2091 manumittentis
599 2024 676 2110 fuit,
707 2027 744 2089 ut
771 2023 833 2089 hoc
865 2022 974 2088 subire
995 2021 1078 2106 peri·
1098 2038 1132 2088 20

116 2114 225 2180 culum
257 2119 377 2199 posset.
422 2135 505 2179 unus
539 2114 661 2179 amicus
694 2111 855 2199 (nondum
882 2112 969 2178 enim
997 2111 1080 2176 illud

115 2203 259 2270 faciebat
298 2206 467 2289 tamquam
510 2201 624 2289 gener)
661 2205 794 2287 accepta
829 2200 973 2267 humeris
1011 2200 1079 2265 suis

116 2293 226 2377 puella
248 2313 307 2377 per
328 2296 379 2359 tot
400 2292 622 2377 difficultates,
653 2313 712 2378 per
737 2294 789 2358 tot
821 2290 975 2376 pericula,
996 2287 1079 2353 nihil

115 2404 175 2467 pro
200 2403 234 2447 se
263 2381 335 2467 ipso
367 2381 540 2464 sollicitus,
568 2381 655 2447 tulit
701 2402 799 2465 quam
821 2378 909 2446 istud
931 2400 998 2444 non
1019 2378 1080 2441 hu-

117 2491 231 2537 manae
255 2474 383 2536 tantum
409 2471 562 2558 op[er]is,
586 2470 643 2536 scd
667 2469 769 2535 divini
794 2466 962 2534 cuiusdam
984 2466 1080 2531 bene·
1099 2480 1134 2529 25

117 2561 182 2627 ficii
207 2559 428 2626 arbitrandum
452 2558 524 2624 est?
568 2564 644 2626 tunc
664 2559 725 2625 hos
748 2556 964 2624 coniunxistis
991 2563 1079 2637 copro-

118 2651 283 2736 tastisque.
313 2650 462 2715 fortunae
484 2649 569 2714 nihil
591 2670 723 2714 necesse
745 2646 851 2713 habeo
874 2644 996 2712 diutius
1019 2643 1081 2709 hoc

117 2740 289 2826 imputare,
319 2743 487 2824 tamquam
513 2760 580 2804 non
602 2736 815 2803 intellectum.
851 2756 919 2801 non
940 2733 1082 2820 perdidit

119 2828 323 2895 beneficium:
347 2833 381 2895 et
402 2828 512 2912 puella
534 2849 569 2893 se
590 2826 674 2892 nihil
697 2847 764 2891 uon
785 2824 862 2890 huic
880 2823 997 2889 debere
1015 2843 1080 2887 cre

118 2918 202 2984 didit
226 2923 259 2984 et
281 2921 376 3004 pater
398 2917 446 2983 ita
468 2917 700 3002 interpretatus
724 2918 774 2980 est
796 2933 910 2979 monus
932 2911 1023 2997 illud,
1045 2914 1082 2975 ut
1100 2925 1135 2976 30

120 3008 324 3075 existimaret
352 3005 457 3073 amico
479 3006 514 3070 in
537 3028 571 3072 se
594 3026 632 3071 ac
655 3026 732 3070 suos
756 3003 866 3069 omnia
887 3002 993 3068 licere.
1029 3022 1081 3065 ru·

193 3191 226 3239 11
246 3183 354 3238 fructur
372 3187 394 3235 Δ
409 3184 418 3252 ΙΙ
434 3187 466 3236 13
484 3180 577 3236 minor
595 3184 636 3233 Aa
648 3181 658 3249 l
671 3177 740 3248 quid
758 3182 790 3248 Α,
809 3176 950 3248 quomodo
963 3179 994 3246 B,
1013 3191 1081 3232 corr.

120 3257 164 3313 Fr
182 3257 192 3325 ll
212 3261 245 3311 16
265 3271 363 3310 varum
381 3260 439 3324 qua
456 3257 478 3305 Δ
491 3252 628 3378 &honere
646 3256 669 3304 Δ
688 3254 697 3322 [Ι
716 3254 756 3333 18.
769 3248 918 3331 eminentis
936 3250 994 3315 AB,
1012 3262 1081 3302 corr.

120 3328 161 3384 Gr
183 3332 193 3398 l
215 3329 307 3383 metus
326 3329 384 3393 AB,
402 3341 471 3381 corr.
519 3339 535 3380 o
556 3323 567 3392 l
588 3328 623 3378 25
641 3323 758 3378 humani
775 3323 796 3377 t.
816 3336 909 3392 opens
926 3321 988 3386 AB,
1013 3334 1082 3373 corr.

120 3399 164 3455 Ro
182 3401 192 3468 l
210 3405 244 3455 26
264 3402 308 3453 est
325 3412 375 3454 cm.
394 3400 415 3450 B
435 3398 444 3466 ΙΙ
462 3412 526 3451 cum
545 3399 577 3462 Δ,
595 3394 657 3450 tum
674 3399 704 3463 B,
722 3409 792 3450 corr.
811 3392 856 3448 Ro
869 3391 880 3461 ll
892 3388 1083 3460 culpastisque

120 3475 177 3538 AB,
197 3486 265 3527 corr.
282 3470 369 3538 ΑΜ)
385 3473 422 3522 30
440 3467 550 3523 *maius
569 3469 618 3522 ΑΒ
633 3469 643 3542 lt
660 3465 733 3526 istut
751 3466 846 3541 &tut
863 3481 917 3524 om.
929 3462 1033 3532 htux
1049 3475 1098 3514 ex·
