2386 3816
165 155 231 222 302
531 153 760 221 QUrNanANI

165 317 256 386 erac?
292 320 330 383 uc
353 316 559 382 occideretur.
596 316 673 401 quid
696 317 833 381 iniereat
854 317 917 382 hoc
941 338 1006 402 qua
1032 317 1129 404 lege?

164 406 241 494 quid
264 406 410 491 interest,
432 426 495 490 qno
519 424 636 490 genere
659 404 792 470 iudicii?
827 405 898 470 fieri
920 427 989 472 nen
1009 409 1127 491 poiesi

163 500 202 562 ui
223 495 277 560 hic
300 494 408 598 capite
429 493 635 578 pericliiaius
659 494 712 577 sii,
738 499 771 559 et
792 497 829 559 iu
851 515 917 560 non
940 495 1060 579 capitis
1078 517 1128 562 ac·

128 605 403 738 censaliiiiierea
425 693 524 757 quam
545 673 699 755 putamus
719 669 820 736 fuisse
839 692 970 737 causam
990 672 1128 738 conscri-

161 761 286 828 bendae
313 761 397 846 legis
424 759 581 826 huiusce?
621 758 707 824 hanc
734 759 821 824 eninr
848 781 925 825 curn
951 761 1126 826 excusseri-

162 873 245 917 mus:
269 850 451 936 apparebii‚
472 850 507 915 in
530 849 628 914 isium
651 868 777 933 quoquc
799 850 926 933 partem
950 851 1033 915 satis
1057 870 1127 915 esse

162 942 302 1006 carium.
346 939 401 1004 »si
431 938 516 1024 quis
544 937 688 1024 capitis
712 937 961 1004 accusaveric
989 941 1029 1003 et
1051 960 1126 1004 non

162 1028 418 1111 damnaverit,
436 1028 519 1113 ipse
534 1026 662 1110 capite
675 1025 892 1110 panicium<
916 1026 989 1112 hoc,
1003 1028 1128 1111 opinor,

110 1133 144 1183 10
161 1117 213 1182 illi
235 1116 405 1183 iustissimi
425 1115 510 1202 legis
528 1114 662 1181 huiusce
679 1116 802 1181 laiores
823 1117 1062 1200 speciaveruni,
1084 1137 1126 1181 ne

161 1206 234 1290 quis
261 1207 392 1290 impune
420 1206 516 1270 alteri
542 1204 722 1289 periculum
754 1204 903 1270 adferret.
957 1203 1125 1270 homicidii

160 1313 264 1378 genus
292 1296 501 1377 pictavarum,
530 1296 640 1377 peiere
669 1292 820 1377 spiritum
842 1292 1001 1376 heminis,
1030 1315 1125 1378 quem

161 1381 263 1448 occidi
289 1403 354 1447 non
382 1386 555 1466 oporteret.
599 1386 638 1447 tu
664 1382 727 1447 hoc
749 1382 868 1448 fecisti:
896 1382 1056 1448 accusasti
1079 1382 1125 1446 in-

159 1473 346 1554 nocentem3
368 1470 398 1536 si
419 1470 482 1537 u'bi
505 1470 663 1536 creditum
686 1474 782 1552 assei,
806 1470 970 1556 periturus
994 1473 1065 1536 erat
1087 1470 1127 1554 is,

108 1573 140 1624 15
161 1579 257 1644 quem
281 1559 449 1625 accusasti
481 1558 603 1624 iudices
627 1558 741 1625 eodem
763 1562 911 1644 tempore
934 1559 974 1624 de
1000 1563 1034 1625 te
1053 1580 1126 1643 pro·

159 1648 401 1714 nunciaverunt„
437 1668 503 1712 non
525 1650 636 1731 potest
659 1648 792 1714 omnino
814 1649 880 1714 isia
902 1646 1124 1715 circumscribi

159 1736 275 1822 religio
299 1739 333 1801 ei
354 1736 509 1803 severitas
532 1736 653 1821 iudicii,
675 1739 713 1802 ui
730 1759 797 1803 non
814 1759 954 1823 poenam
974 1737 1031 1802 dei
1050 1758 1124 1821 pars

158 1825 323 1892 utralibei
367 1825 431 1892 hnc
466 1825 634 1912 absolun,
665 1827 721 1910 qui
748 1828 912 1911 periturus
937 1825 1016 1910 fuir,
1050 1846 1122 1891 con·

158 1914 251 1981 'cinno
269 1914 304 1980 id
323 1923 451 2002 quoque
470 1918 679 1982 consecutum
697 1918 756 2000 esu
778 1919 816 1980 ut
833 1915 895 1981 tibi
913 1919 1001 1982 eusci
1018 1935 1125 1999 poena

105 2003 322 2088 reperienda

224 2090 292 2175 „Aa
313 2091 401 2156 enirn
423 2092 523 2158 tertio
545 2095 675 2159 aarum
697 2092 889 2158 iniuriarum
909 2093 1070 2176 accusavi,
1092 2095 1123 2158 ei

157 2183 200 2246 tn
218 2179 270 2244 bis
294 2179 359 2243 iam
383 2179 554 2246 damnatus
574 2202 654 2247 eras
664 2179 887 2246 iniuriarum.“
923 2180 1007 2257 Quid
1024 2180 1121 2246 inter·

158 2272 222 2354 esi,
251 2288 333 2352 quae
361 2289 413 2333 res
436 2269 549 2334 fenerii
571 2270 659 2335 istud
683 2270 799 2354 capiiis
823 2269 1001 2335 iudicium?
1046 2290 1121 2336 nam

158 2359 191 2422 ec
212 2361 250 2422 iu
274 2358 396 2423 crimen
418 2356 550 2443 gravius
575 2358 738 2442 obiecisti,
766 2359 1012 2443 quampriores
1037 2358 1121 2424 obie-

104 2458 137 2509 25
158 2450 278 2512 cerunt.
315 2447 364 2512 vis
388 2448 480 2531 scire,
503 2466 603 2532 quam
623 2446 687 2513 hoc
709 2468 822 2512 vorum
847 2446 914 2512 sit?
937 2471 996 2512 -ε
1021 2444 1120 2513 semel

156 2535 349 2601 iniuriarum
368 2535 524 2602 damnare
542 2535 739 2622 ignoscitur:
762 2535 844 2601 illud
862 2539 970 2601 morte
987 2535 1121 2622 dignum

155 2624 292 2709 videtur,
315 2625 343 2688 si
362 2625 399 2703 is,
422 2626 478 2710 qui
497 2625 549 2691 bis
570 2625 637 2690 iam
656 2625 829 2690 damnatus
848 2629 898 2691 est
920 2625 1121 2708 iniuriarum,

156 2713 316 2797 <iterum>
332 2712 420 2779 fecii.
442 2715 510 2779 iam
528 2714 590 2780 hoc
604 2714 671 2779 tale
685 2713 825 2798 videtur,
836 2714 935 2798 -quale
953 2714 1119 2779 hominem

155 2801 308 2866 occidere.
332 2821 410 2887 crgo
424 2805 461 2868 tu
474 2803 509 2867 id
523 2802 682 2887 obiecisti,
697 2803 783 2887 quod
797 2802 850 2868 lex
863 2804 971 2868 morie
985 2802 1120 2888 dignum

102 2903 136 2952 30
154 2889 291 2972 patavii,
302 2889 388 2973 quod
397 2891 450 2956 lex
460 2891 564 2976 capite
576 2892 715 2957 taxavit:
731 2892 847 2976 capitis
857 2911 935 2977 ergo
946 2888 1118 2957 accusasti.

220 2976 293 3043 Hoc
321 2977 392 3043 loco
420 2980 489 3044 iure
518 2979 645 3064 depulsi
673 2979 714 3045 ad
743 2980 888 3046 convicia
915 2979 1120 3066 confugiunt.

155 3064 233 3151 „Bis
251 3070 363 3131 tamen
376 3065 569 3133 iniuriarum
584 3068 755 3134 damnatus
775 3067 856 3135 θεῶ(
885 3067 1021 3135 Poterai
1039 3067 1119 3134 mihi

224 3227 241 3278 8
261 3221 405 3278 cauditum
423 3225 539 3293 221112
558 3241 646 3294 genus
665 3241 715 3282 om.
733 3227 827 3295 24113
846 3224 993 3281 occidendi
1011 3241 1069 3280 non
1089 3229 1119 3293 Δ,

152 3309 209 3349 non
227 3292 372 3350 occidendi
389 3297 410 3346 B
428 3296 438 3367 fl
458 3300 491 3350 16
510 3294 648 3351 conscribi
666 3298 710 3367 Bu
727 3302 762 3351 22
782 3296 841 3353 iam
859 3311 909 3353 om.
928 3299 975 3368 ΔΙΙ
991 3302 1024 3354 28
1043 3295 1117 3369 <ice-

152 3383 214 3420 rum
231 3367 273 3422 ccl
290 3364 426 3448 tertium>
444 3365 513 3433 Scir,
531 3367 580 3435 qui
598 3367 642 3422 bis
659 3366 718 3422 iam
737 3369 890 3423 damnatus
909 3370 967 3439 esi,
986 3367 1119 3423 iniuriam

139 3435 214 3493 fecit
228 3437 291 3495 Aer
300 3439 315 3509 ll
328 3438 449 3496 obecrsti
467 3443 492 3494 Δ
504 3441 515 3513 u
528 3443 563 3496 30
580 3439 645 3496 ian
664 3442 686 3491 s
