2386 3816
366 172 684 231 DECLAMATIONES.
704 174 833 234 ccnxn.
1032 177 1073 244 73

114 336 262 422 rapuisti,
286 359 359 403 cum
382 341 579 422 potestatem
601 338 678 404 huic
697 339 781 424 legis
799 339 953 406 adversus
971 342 1005 404 te
1024 340 1075 406 de

114 426 202 511 disti3
236 447 310 491 cum
343 427 453 512 egisti,
491 432 529 492 ut
559 431 672 513 raptae
705 429 857 495 adversus
889 434 922 494 te
953 428 1075 514 liceret,

115 521 271 600 quantum
295 516 449 595 aduersus
472 516 628 582 caelibem
646 518 731 583 licet.
766 522 879 604 rapta
901 518 1073 603 raptoris

112 609 272 670 mortem
309 605 370 671 vel
395 607 554 691 nuptias
583 610 710 691 optet:
756 607 840 673 hanc
876 610 1075 693 potestatem

114 693 269 759 adversus
295 698 330 760 te
356 694 473 760 vitiata
500 694 628 762 habuit:
660 695 774 781 ecquid
801 695 979 782 intellegis,
1007 696 1110 761 iamt

112 803 177 849 non
206 804 278 848 esse
304 804 451 868 uxorem,
482 805 565 869 quae
592 806 657 850 non
686 784 817 850 obstat?
855 805 915 870 ego
937 789 971 850 te
995 785 1075 850 adeo

111 892 176 938 non
203 875 286 957 puto
315 872 442 938 defendi
469 872 531 938 hoc
560 894 677 960 genere
700 873 875 959 patrocinii
898 893 1007 958 posse,
1038 877 1075 938 ut

112 982 313 1046 quocumque
337 962 401 1026 alio
426 961 522 1040 modo
545 962 723 1030 dimisisses
743 984 887 1048 uxorem,
908 962 1075 1027 meliorem

112 1056 214 1116 amen
247 1071 377 1117 eausam
409 1050 528 1117 fuisses
557 1051 739 1119 habiturus.
788 1053 921 1138 egregia
947 1051 1075 1117 hercule

112 1139 265 1205 defensio.
310 1138 392 1224 diac,
415 1139 612 1225 »repudiasti
634 1162 767 1206 uxorem
790 1141 956 1226 pudicam,
983 1140 1129 1205 obse-10

113 1233 277 1315 quantem,
298 1228 454 1295 fidelem«.
483 1229 659 1314 respondes
683 1230 773 1314 mihi,
794 1230 869 1315 „sed
887 1229 996 1315 rapui;
1016 1230 1075 1294 sed

111 1318 251 1384 alienam
275 1317 405 1384 domum
429 1319 643 1405 expugnare
681 1319 846 1409 Pessimus
869 1318 1007 1384 maritus
1030 1318 1075 1383 vi-

112 1407 249 1493 dereris,
282 1407 311 1472 si
337 1429 485 1473 amorem
517 1408 551 1472 in
579 1409 721 1494 aliquam
749 1408 952 1474 meretricem
980 1406 1074 1474 defle·

110 1497 227 1581 xisses,
255 1497 283 1562 si
311 1496 503 1562 ancillarum
531 1498 691 1583 cupiditas
715 1520 736 1563 a
758 1497 879 1583 geniali
902 1499 980 1582 (te)
1002 1501 1074 1562 turc

112 1589 272 1653 avocaret.
312 1586 378 1651 iam
402 1588 473 1651 tum
495 1608 562 1651 non
584 1607 656 1653 eras
680 1588 826 1671 maritus,
848 1608 921 1653 cum
945 1586 1072 1651 animus
1093 1602 1127 1650 ιε’)

112 1680 186 1741 tuus
211 1674 379 1760 spectabat
401 1678 567 1760 vacentes3
595 1681 628 1742 et
650 1677 712 1742 hoc
736 1677 765 1742 si
787 1679 916 1742 tantum
938 1674 1073 1740 libidine

111 1767 145 1830 et
175 1764 353 1848 cupiditate
380 1764 527 1849 fecisses,
558 1766 686 1851 repudii
711 1769 823 1831 tamen
850 1786 949 1830 causa
979 1764 1020 1828 ad
1042 1768 1076 1828 te

111 1852 242 1920 rediret.
289 1852 396 1932 Quid?
418 1854 447 1918 si
469 1876 511 1919 ne
534 1853 685 1921 credibile
709 1854 839 1939 quidem
863 1857 921 1936 est,
949 1852 1015 1916 nisi
1038 1873 1075 1916 eo

110 1947 209 2029 pacto
231 1942 354 2008 factum
372 1943 434 2010 hcc
452 1965 532 2022 esse,
551 1948 587 2008 ut
605 1943 668 2008 tibi
686 1943 810 2028 raptori
832 1939 1077 2027 ignosceretur?

112 2055 154 2099 an
183 2054 260 2098 vero
287 2036 325 2098 tu
351 2032 387 2097 in
412 2036 543 2098 tantum
569 2031 748 2117 periculum
775 2031 933 2116 venisses,
959 2031 997 2094 ut
1027 2050 1076 2094 ra·
1096 2045 1131 2094 20

111 2143 207 2207 peres
231 2122 379 2207 maritus,
400 2127 438 2188 ut
461 2121 588 2187 crimini
608 2125 666 2187 tuo
684 2120 769 2187 banc
788 2141 915 2206 quoque
933 2118 1076 2185 adiceres

111 2210 293 2277 invidiam?
332 2211 397 2276 nisi
432 2209 635 2294 succurritis,
665 2211 799 2291 iudices,
831 2209 999 2275 inventum
1027 2210 1078 2273 est

112 2301 190 2384 iam,
209 2300 371 2386 quomodo
390 2322 506 2366 uxores
526 2300 667 2384 optimas
686 2299 856 2386 repudiare
875 2299 980 2364 liceat.
1003 2318 1078 2381 pro·

112 2389 280 2475 spicienda
298 2393 428 2456 tantum
450 2389 544 2474 virgo
568 2393 632 2475 est,
650 2389 806 2474 rapienda
827 2391 886 2454 est.
935 2390 1077 2452 ceterum

113 2478 323 2546 defendemus
350 2478 453 2546 istud:
481 2480 568 2565 quod
594 2479 684 2545 nullo
713 2498 830 2566 genere
859 2476 938 2543 licet
964 2474 1077 2558 facere,
1097 2490 1133 2539 as

110 2570 188 2635 licet
212 2569 318 2654 specie
340 2567 553 2635 necessitatis.

180 2658 315 2724 Praeter
337 2658 417 2724 haec
435 2657 518 2724 illud
535 2678 673 2742 quoque,
695 2653 827 2739 iudices,
848 2654 969 2721 intueri
983 2675 1079 2739 opor·
1150 2716 1154 2721 .

110 2748 210 2834 tebit,
237 2746 444 2833 quc<m0d0>
469 2746 681 2812 maximorum
705 2745 804 2811 istum
827 2743 999 2810 cuminum
1022 2743 1079 2808 ali·

89 2997 93 3008 ·
186 2984 202 3033 2
221 2976 319 3048 legisti
332 2981 355 3030 Δ
368 2978 408 3048 μ
428 2975 551 3046 ecquid
569 2977 616 3100 Δ]
629 2977 658 3032 ct
676 2973 744 3044 quid
757 2978 778 3027 B
792 2976 802 3045 fl
816 2979 832 3029 6
846 2975 875 3031 te
889 2978 970 3030 om.B
984 2974 994 3043 ΙΙ
1008 2973 1079 3028 adeo

113 3053 143 3106 te
164 3066 222 3105 non
241 3053 298 3120 AB,
317 3050 436 3104 adron
454 3049 484 3102 te
503 3049 576 3119 Plss
613 3044 732 3102 inrisisse
751 3047 825 3116 Bul)
844 3046 905 3101 tum
920 3050 952 3117 Δ,
971 3062 1034 3101 cum
1049 3049 1079 3111 B,

115 3139 187 3179 ccrr.
207 3120 268 3188 Ro,·
295 3137 334 3176 απ
352 3119 406 3176 ¹''ut
423 3117 491 3194 <si>
509 3133 589 3189 quoc.
609 3133 691 3174 asm.
710 3118 736 3174 d.
757 3136 783 3173 u.
802 3136 838 3173 m.
859 3117 945 3173 etiam
964 3116 1014 3188 (ἓ),
1042 3116 1078 3183 cf.

113 3198 208 3264 83,16
222 3197 232 3265 ll
246 3199 279 3249 13
298 3208 393 3248 amore
412 3196 435 3245 Δ
453 3193 463 3262 ῃ
482 3197 516 3247 14
535 3190 666 3263 geniali
685 3187 814 3264 Afl<te>
832 3187 878 3243 Rc
891 3190 901 3259 ΙΙ
915 3194 948 3244 16
968 3189 1080 3259 spacta-

114 3269 196 3323 verat
214 3266 386 3321 rucanas!
413 3266 423 3334 Ι]
451 3270 485 3320 17
503 3262 668 3334 repudiatae
687 3265 745 3331 AB,
764 3277 833 3318 corr.
855 3258 897 3315 Gr
923 3262 932 3329 [l
960 3264 993 3314 18
1013 3273 1080 3313 sane

118 3337 192 3392 cred.
211 3335 281 3406 quid
299 3338 341 3392 est
358 3339 379 3390 B
398 3339 408 3407 ΙΙ
427 3342 461 3392 22
479 3335 535 3391 nisi
554 3335 578 3390 si
596 3350 668 3390 curt.
687 3335 751 3402 lan
769 3337 803 3387 25
821 3331 891 3385 licet
907 3329 1000 3386 facere
1019 3346 1080 3400 spe·

116 3408 173 3465 cias
198 3410 305 3476 (omisso
327 3407 406 3477 licet)
430 3412 450 3460 B
478 3408 488 3475 ll
514 3411 548 3461 27
572 3406 644 3460 illud
667 3419 780 3475 qnoque
798 3400 875 3473 quod
893 3400 983 3457 int!
1009 3403 1081 3472 ll²⁸

117 3479 319 3550 *qnc<modo>
330 3477 478 3551 distinct,
498 3476 591 3536 socios
610 3476 655 3537 Ro
