<?xml version="1.0" encoding="UTF-8"?>
<!DOCTYPE html PUBLIC "-//W3C//DTD XHTML 1.0 Transitional//EN"
    "http://www.w3.org/TR/xhtml1/DTD/xhtml1-transitional.dtd">
<html xmlns="http://www.w3.org/1999/xhtml" xml:lang="en" lang="en">
 <head>
  <title>
</title>
<meta http-equiv="Content-Type" content="text/html;charset=utf-8" />
  <meta name='ocr-system' content='tesseract 3.04.00' />
  <meta name='ocr-capabilities' content='ocr_page ocr_carea ocr_par ocr_line ocrx_word'/>
</head>
<body>
  <div class='ocr_page' id='page_1' title='image "./mfabiiquintilia01rittgoog_0287.png"; bbox 0 0 2386 3816; ppageno 0'>
   <div class='ocr_carea' id='block_1_1' title="bbox 151 146 749 214">
    <p class='ocr_par' dir='ltr' id='par_1_1' title="bbox 151 146 749 214">
     <span class='ocr_line' id='line_1_1' title="bbox 151 146 749 214; baseline 0 -13"><span class='ocrx_word' id='word_1_1' title='bbox 151 149 218 214; x_wconf 77' lang='lat'>252</span> <span class='ocrx_word' id='word_1_2' title='bbox 519 146 749 212; x_wconf 78' lang='lat' dir='ltr'><strong>QUINTILLANI</strong></span> 
     </span>
    </p>
   </div>
   <div class='ocr_carea' id='block_1_2' title="bbox 117 310 1125 841">
    <p class='ocr_par' dir='ltr' id='par_1_2' title="bbox 151 310 1125 660">
     <span class='ocr_line' id='line_1_2' title="bbox 151 310 1124 395; baseline -0.002 -18"><span class='ocrx_word' id='word_1_3' title='bbox 151 313 217 377; x_wconf 73' lang='lat' dir='ltr'>tius</span> <span class='ocrx_word' id='word_1_4' title='bbox 250 312 363 377; x_wconf 81' lang='lat' dir='ltr'>vicero.</span> <span class='ocrx_word' id='word_1_5' title='bbox 396 312 475 376; x_wconf 72' lang='lat' dir='ltr'>otri</span> <span class='ocrx_word' id='word_1_6' title='bbox 513 310 618 376; x_wconf 77' lang='lat' dir='ltr'>dabo?</span> <span class='ocrx_word' id='word_1_7' title='bbox 659 314 734 376; x_wconf 77' lang='lat' dir='ltr'>uter</span> <span class='ocrx_word' id='word_1_8' title='bbox 765 313 910 376; x_wconf 72' lang='lat' dir='ltr'>vestrum</span> <span class='ocrx_word' id='word_1_9' title='bbox 941 313 1124 395; x_wconf 77' lang='lat' dir='ltr'>patronum</span> 
     </span>
     <span class='ocr_line' id='line_1_3' title="bbox 151 399 1123 486; baseline 0 -22"><span class='ocrx_word' id='word_1_10' title='bbox 151 400 257 486; x_wconf 82' lang='lat' dir='ltr'>magis</span> <span class='ocrx_word' id='word_1_11' title='bbox 282 399 521 481; x_wconf 77' lang='lat' dir='ltr'>desideraverit,</span> <span class='ocrx_word' id='word_1_12' title='bbox 543 403 617 465; x_wconf 74' lang='lat' dir='ltr'>uiar</span> <span class='ocrx_word' id='word_1_13' title='bbox 637 404 781 465; x_wconf 81' lang='lat' dir='ltr'>vestrum</span> <span class='ocrx_word' id='word_1_14' title='bbox 803 399 966 485; x_wconf 81' lang='lat' dir='ltr'>frugalius</span> <span class='ocrx_word' id='word_1_15' title='bbox 989 399 1123 480; x_wconf 73' lang='lat' dir='ltr'>vixerit,</span> 
     </span>
     <span class='ocr_line' id='line_1_4' title="bbox 151 487 1124 574; baseline 0 -21"><span class='ocrx_word' id='word_1_16' title='bbox 151 493 224 554; x_wconf 79' lang='lat' dir='ltr'>uter</span> <span class='ocrx_word' id='word_1_17' title='bbox 255 494 399 554; x_wconf 76' lang='lat' dir='ltr'>vestrum</span> <span class='ocrx_word' id='word_1_18' title='bbox 432 488 611 554; x_wconf 79' lang='lat' dir='ltr'>modestior</span> <span class='ocrx_word' id='word_1_19' title='bbox 643 487 756 572; x_wconf 77' lang='lat' dir='ltr'>fuerit3</span> <span class='ocrx_word' id='word_1_20' title='bbox 793 487 872 574; x_wconf 91' lang='lat' dir='ltr'>quid</span> <span class='ocrx_word' id='word_1_21' title='bbox 903 511 962 554; x_wconf 82' lang='lat' dir='ltr'>vos</span> <span class='ocrx_word' id='word_1_22' title='bbox 996 487 1124 554; x_wconf 74' lang='lat' dir='ltr'>diutius</span> 
     </span>
     <span class='ocr_line' id='line_1_5' title="bbox 151 577 1125 660; baseline 0 -18"><span class='ocrx_word' id='word_1_23' title='bbox 151 578 304 643; x_wconf 76' lang='lat' dir='ltr'>iraham?</span> <span class='ocrx_word' id='word_1_24' title='bbox 334 601 391 642; x_wconf 78' lang='lat' dir='ltr'>-t</span> <span class='ocrx_word' id='word_1_25' title='bbox 425 579 490 643; x_wconf 73' lang='lat' dir='ltr'>utri</span> <span class='ocrx_word' id='word_1_26' title='bbox 521 577 664 642; x_wconf 82' lang='lat' dir='ltr'>voluero.</span> <span class='ocrx_word' id='word_1_27' title='bbox 710 577 841 643; x_wconf 77' lang='lat' dir='ltr'>interim</span> <span class='ocrx_word' id='word_1_28' title='bbox 874 577 1001 644; x_wconf 87' lang='lat' dir='ltr'>similes</span> <span class='ocrx_word' id='word_1_29' title='bbox 1029 577 1125 660; x_wconf 78' lang='lat' dir='ltr'>estis,</span> 
     </span>
    </p>

    <p class='ocr_par' dir='ltr' id='par_1_3' title="bbox 117 665 1124 841">
     <span class='ocr_line' id='line_1_6' title="bbox 117 665 1124 754; baseline -0.003 -20"><span class='ocrx_word' id='word_1_30' title='bbox 117 665 287 734; x_wconf 78' lang='lat' dir='ltr'>ceandem</span> <span class='ocrx_word' id='word_1_31' title='bbox 318 689 448 734; x_wconf 87' lang='lat' dir='ltr'>causam</span> <span class='ocrx_word' id='word_1_32' title='bbox 471 666 610 731; x_wconf 78' lang='lat' dir='ltr'>habetis.</span> <span class='ocrx_word' id='word_1_33' title='bbox 655 687 722 731; x_wconf 92' lang='lat' dir='ltr'>non</span> <span class='ocrx_word' id='word_1_34' title='bbox 746 668 853 752; x_wconf 81' lang='lat' dir='ltr'>magis</span> <span class='ocrx_word' id='word_1_35' title='bbox 877 689 938 754; x_wconf 84' lang='lat' dir='ltr'>ego</span> <span class='ocrx_word' id='word_1_36' title='bbox 961 667 1004 732; x_wconf 82' lang='lat' dir='ltr'>de</span> <span class='ocrx_word' id='word_1_37' title='bbox 1025 667 1124 732; x_wconf 83' lang='lat' dir='ltr'>vobis</span> 
     </span>
     <span class='ocr_line' id='line_1_7' title="bbox 153 755 904 841; baseline 0.003 -21"><span class='ocrx_word' id='word_1_38' title='bbox 153 755 297 822; x_wconf 88' lang='lat' dir='ltr'>iudicare</span> <span class='ocrx_word' id='word_1_39' title='bbox 320 778 464 841; x_wconf 88' lang='lat' dir='ltr'>possum,</span> <span class='ocrx_word' id='word_1_40' title='bbox 487 777 585 840; x_wconf 87' lang='lat' dir='ltr'>quam</span> <span class='ocrx_word' id='word_1_41' title='bbox 607 759 765 840; x_wconf 75' lang='lat' dir='ltr'>patronus</span> <span class='ocrx_word' id='word_1_42' title='bbox 788 760 904 822; x_wconf 77' lang='lat' dir='ltr'>vester.</span> 
     </span>
    </p>
   </div>
   <div class='ocr_carea' id='block_1_3' title="bbox 408 965 812 1178">
    <p class='ocr_par' dir='ltr' id='par_1_4' title="bbox 408 965 812 1178">
     <span class='ocr_line' id='line_1_8' title="bbox 538 965 725 1035; baseline 0.005 -1"><span class='ocrx_word' id='word_1_43' title='bbox 538 965 725 1035; x_wconf 74' lang='lat' dir='ltr'>ocem.</span> 
     </span>
     <span class='ocr_line' id='line_1_9' title="bbox 408 1063 812 1178; baseline 0.005 -2"><span class='ocrx_word' id='word_1_44' title='bbox 408 1063 411 1066; x_wconf 81' lang='lat'>.</span> <span class='ocrx_word' id='word_1_45' title='bbox 450 1108 627 1177; x_wconf 67' lang='lat' dir='ltr'>Adultera</span> <span class='ocrx_word' id='word_1_46' title='bbox 649 1109 812 1178; x_wconf 82' lang='lat' dir='ltr'>venefica.</span> 
     </span>
    </p>
   </div>
   <div class='ocr_carea' id='block_1_4' title="bbox 100 1253 1124 1607">
    <p class='ocr_par' dir='ltr' id='par_1_5' title="bbox 100 1253 1124 1607">
     <span class='ocr_line' id='line_1_10' title="bbox 153 1253 1123 1338; baseline 0.004 -20"><span class='ocrx_word' id='word_1_47' title='bbox 153 1254 216 1331; x_wconf 80' lang='lat' dir='ltr'>Qui</span> <span class='ocrx_word' id='word_1_48' title='bbox 248 1276 382 1319; x_wconf 84' lang='lat' dir='ltr'>uxorem</span> <span class='ocrx_word' id='word_1_49' title='bbox 415 1255 566 1320; x_wconf 77' lang='lat' dir='ltr'>adulterii</span> <span class='ocrx_word' id='word_1_50' title='bbox 597 1277 687 1321; x_wconf 90' lang='lat' dir='ltr'>ream</span> <span class='ocrx_word' id='word_1_51' title='bbox 714 1254 888 1338; x_wconf 77' lang='lat' dir='ltr'>dciulerat,</span> <span class='ocrx_word' id='word_1_52' title='bbox 920 1253 1004 1320; x_wconf 76' lang='lat' dir='ltr'>dixis</span> <span class='ocrx_word' id='word_1_53' title='bbox 1034 1276 1123 1322; x_wconf 91' lang='lat' dir='ltr'>com-</span> 
     </span>
     <span class='ocr_line' id='line_1_11' title="bbox 100 1343 1124 1413; baseline 0 -3"><span class='ocrx_word' id='word_1_54' title='bbox 100 1360 133 1410; x_wconf 88' lang='lat'>10</span> <span class='ocrx_word' id='word_1_55' title='bbox 241 1364 373 1408; x_wconf 84' lang='lat' dir='ltr'>munem</span> <span class='ocrx_word' id='word_1_56' title='bbox 405 1344 510 1408; x_wconf 90' lang='lat' dir='ltr'>filium</span> <span class='ocrx_word' id='word_1_57' title='bbox 542 1348 661 1409; x_wconf 72' lang='lat' dir='ltr'>iestem</span> <span class='ocrx_word' id='word_1_58' title='bbox 693 1344 772 1410; x_wconf 86' lang='lat' dir='ltr'>foro.</span> <span class='ocrx_word' id='word_1_59' title='bbox 821 1343 907 1409; x_wconf 78' lang='lat' dir='ltr'>inter</span> <span class='ocrx_word' id='word_1_60' title='bbox 934 1365 1045 1413; x_wconf 83' lang='lat' dir='ltr'>moras</span> <span class='ocrx_word' id='word_1_61' title='bbox 1075 1344 1124 1410; x_wconf 93' lang='lat' dir='ltr'>iu·</span> 
     </span>
     <span class='ocr_line' id='line_1_12' title="bbox 242 1430 1123 1519; baseline 0.001 -22"><span class='ocrx_word' id='word_1_62' title='bbox 242 1431 318 1497; x_wconf 87' lang='lat' dir='ltr'>dicii</span> <span class='ocrx_word' id='word_1_63' title='bbox 350 1430 537 1498; x_wconf 82' lang='lat' dir='ltr'>adulescens</span> <span class='ocrx_word' id='word_1_64' title='bbox 570 1432 731 1518; x_wconf 81' lang='lat' dir='ltr'><strong>ambiguis</strong></span> <span class='ocrx_word' id='word_1_65' title='bbox 759 1433 860 1519; x_wconf 84' lang='lat' dir='ltr'>signis</span> <span class='ocrx_word' id='word_1_66' title='bbox 885 1432 1058 1499; x_wconf 68' lang='lat' dir='ltr'>cruditatis</span> <span class='ocrx_word' id='word_1_67' title='bbox 1089 1437 1123 1498; x_wconf 79' lang='lat' dir='ltr'>et</span> 
     </span>
     <span class='ocr_line' id='line_1_13' title="bbox 242 1521 1123 1607; baseline 0.006 -24"><span class='ocrx_word' id='word_1_68' title='bbox 242 1521 357 1585; x_wconf 84' lang='lat' dir='ltr'>veneni</span> <span class='ocrx_word' id='word_1_69' title='bbox 380 1521 526 1587; x_wconf 74' lang='lat' dir='ltr'>decessit.</span> <span class='ocrx_word' id='word_1_70' title='bbox 559 1523 631 1587; x_wconf 75' lang='lat' dir='ltr'>vuli</span> <span class='ocrx_word' id='word_1_71' title='bbox 653 1523 790 1588; x_wconf 61' lang='lat' dir='ltr'>maribus</span> <span class='ocrx_word' id='word_1_72' title='bbox 810 1541 906 1607; x_wconf 82' lang='lat' dir='ltr'>agere</span> <span class='ocrx_word' id='word_1_73' title='bbox 926 1543 999 1587; x_wconf 89' lang='lat' dir='ltr'>cum</span> <span class='ocrx_word' id='word_1_74' title='bbox 1018 1544 1123 1588; x_wconf 86' lang='lat' dir='ltr'>uxore</span> 
     </span>
    </p>
   </div>
   <div class='ocr_carea' id='block_1_5' title="bbox 242 1608 1123 1764">
    <p class='ocr_par' dir='ltr' id='par_1_6' title="bbox 242 1608 1123 1764">
     <span class='ocr_line' id='line_1_14' title="bbox 242 1608 1123 1764; baseline 0.007 -92"><span class='ocrx_word' id='word_1_75' title='bbox 242 1608 397 1764; x_wconf 53' lang='grc' dir='ltr'>νὲιέᾗίίοἱί</span> <span class='ocrx_word' id='word_1_76' title='bbox 430 1611 487 1675; x_wconf 91' lang='lat' dir='ltr'>illa</span> <span class='ocrx_word' id='word_1_77' title='bbox 512 1612 668 1695; x_wconf 72' lang='lat' dir='ltr'>postulat,</span> <span class='ocrx_word' id='word_1_78' title='bbox 687 1615 724 1675; x_wconf 78' lang='lat' dir='ltr'>ui</span> <span class='ocrx_word' id='word_1_79' title='bbox 741 1610 944 1696; x_wconf 73' lang='lat' dir='ltr'>praeferatur</span> <span class='ocrx_word' id='word_1_80' title='bbox 962 1609 1123 1678; x_wconf 87' lang='lat' dir='ltr'>iudicium</span> 
     </span>
     <span class='ocr_line' id='line_1_15' title="bbox 242 1720 400 1764; baseline 0.013 -2"><span class='ocrx_word' id='word_1_81' title='bbox 242 1722 259 1762; x_wconf 86' lang='lat' dir='ltr'>a</span> <span class='ocrx_word' id='word_1_82' title='bbox 334 1720 400 1764; x_wconf 86' lang='lat' dir='ltr'>eru.</span> 
     </span>
    </p>
   </div>
   <div class='ocr_carea' id='block_1_6' title="bbox 99 1817 804 1926">
    <p class='ocr_par' dir='ltr' id='par_1_7' title="bbox 99 1817 804 1926">
     <span class='ocr_line' id='line_1_16' title="bbox 99 1817 804 1926; baseline -0.001 -1"><span class='ocrx_word' id='word_1_83' title='bbox 99 1876 133 1926; x_wconf 78' lang='lat'>15</span> <span class='ocrx_word' id='word_1_84' title='bbox 186 1817 188 1821; x_wconf 55' lang='grc'>’</span> <span class='ocrx_word' id='word_1_85' title='bbox 464 1857 804 1926; x_wconf 74' lang='lat' dir='ltr'>oncnnninio</span> 
     </span>
    </p>
   </div>
   <div class='ocr_carea' id='block_1_7' title="bbox 99 1985 1124 3050">
    <p class='ocr_par' dir='ltr' id='par_1_8' title="bbox 112 1985 1124 2338">
     <span class='ocr_line' id='line_1_17' title="bbox 112 1985 1124 2071; baseline 0.002 -21"><span class='ocrx_word' id='word_1_86' title='bbox 112 2030 115 2036; x_wconf 86' lang='lat'><em>-</em></span> <span class='ocrx_word' id='word_1_87' title='bbox 143 2008 145 2013; x_wconf 56' lang='lat'><strong>⁴</strong></span> <span class='ocrx_word' id='word_1_88' title='bbox 221 1986 406 2071; x_wconf 78' lang='lat' dir='ltr'>Antequam</span> <span class='ocrx_word' id='word_1_89' title='bbox 447 1986 619 2051; x_wconf 86' lang='lat' dir='ltr'>criminum</span> <span class='ocrx_word' id='word_1_90' title='bbox 656 1985 794 2050; x_wconf 84' lang='lat' dir='ltr'>facimus</span> <span class='ocrx_word' id='word_1_91' title='bbox 831 1985 1124 2071; x_wconf 74' lang='lat' dir='ltr'>comparationem,</span> 
     </span>
     <span class='ocr_line' id='line_1_18' title="bbox 153 2074 1122 2161; baseline 0.005 -24"><span class='ocrx_word' id='word_1_92' title='bbox 153 2074 199 2138; x_wconf 89' lang='lat' dir='ltr'>sic</span> <span class='ocrx_word' id='word_1_93' title='bbox 219 2094 315 2160; x_wconf 83' lang='lat' dir='ltr'>agere</span> <span class='ocrx_word' id='word_1_94' title='bbox 334 2096 480 2161; x_wconf 87' lang='lat' dir='ltr'>possum:</span> <span class='ocrx_word' id='word_1_95' title='bbox 503 2075 650 2139; x_wconf 84' lang='lat' dir='ltr'>veneficii</span> <span class='ocrx_word' id='word_1_96' title='bbox 674 2095 802 2138; x_wconf 87' lang='lat' dir='ltr'>accuso:</span> <span class='ocrx_word' id='word_1_97' title='bbox 825 2074 1042 2159; x_wconf 85' lang='lat' dir='ltr'>responde[s].</span> <span class='ocrx_word' id='word_1_98' title='bbox 1068 2098 1122 2142; x_wconf 87' lang='lat' dir='ltr'>oc-</span> 
     </span>
     <span class='ocr_line' id='line_1_19' title="bbox 153 2162 1120 2248; baseline 0.005 -23"><span class='ocrx_word' id='word_1_99' title='bbox 153 2162 255 2226; x_wconf 90' lang='lat' dir='ltr'>cisum</span> <span class='ocrx_word' id='word_1_100' title='bbox 279 2185 299 2228; x_wconf 90' lang='lat' dir='ltr'>a</span> <span class='ocrx_word' id='word_1_101' title='bbox 321 2167 354 2230; x_wconf 75' lang='lat' dir='ltr'>&#39;ce</span> <span class='ocrx_word' id='word_1_102' title='bbox 373 2163 476 2227; x_wconf 90' lang='lat' dir='ltr'>filium</span> <span class='ocrx_word' id='word_1_103' title='bbox 496 2164 582 2228; x_wconf 90' lang='lat' dir='ltr'>dico:</span> <span class='ocrx_word' id='word_1_104' title='bbox 606 2163 796 2245; x_wconf 87' lang='lat' dir='ltr'>defende[s].</span> <span class='ocrx_word' id='word_1_105' title='bbox 820 2163 1012 2247; x_wconf 69' lang='lat' dir='ltr'>simpatia,</span> <span class='ocrx_word' id='word_1_106' title='bbox 1035 2186 1120 2248; x_wconf 86' lang='lat' dir='ltr'>quae</span> 
     </span>
     <span class='ocr_line' id='line_1_20' title="bbox 153 2251 1120 2338; baseline 0.004 -22"><span class='ocrx_word' id='word_1_107' title='bbox 153 2251 271 2316; x_wconf 91' lang='lat' dir='ltr'>obicio:</span> <span class='ocrx_word' id='word_1_108' title='bbox 299 2274 365 2317; x_wconf 91' lang='lat' dir='ltr'>non</span> <span class='ocrx_word' id='word_1_109' title='bbox 388 2255 526 2337; x_wconf 72' lang='lat' dir='ltr'>possunt</span> <span class='ocrx_word' id='word_1_110' title='bbox 548 2273 613 2318; x_wconf 88' lang='lat' dir='ltr'>uno</span> <span class='ocrx_word' id='word_1_111' title='bbox 636 2251 756 2317; x_wconf 87' lang='lat' dir='ltr'>iudicio</span> <span class='ocrx_word' id='word_1_112' title='bbox 780 2252 944 2338; x_wconf 79' lang='lat' dir='ltr'>cognosci3</span> <span class='ocrx_word' id='word_1_113' title='bbox 976 2274 1120 2338; x_wconf 88' lang='lat' dir='ltr'>aequum</span> 
     </span>
    </p>

    <p class='ocr_par' dir='ltr' id='par_1_9' title="bbox 99 2339 1123 2783">
     <span class='ocr_line' id='line_1_21' title="bbox 99 2339 1123 2427; baseline 0.002 -22"><span class='ocrx_word' id='word_1_114' title='bbox 99 2356 134 2406; x_wconf 85' lang='grc' dir='ltr'>2ο</span> <span class='ocrx_word' id='word_1_115' title='bbox 154 2344 205 2405; x_wconf 79' lang='lat' dir='ltr'>est</span> <span class='ocrx_word' id='word_1_116' title='bbox 232 2362 320 2406; x_wconf 86' lang='lat' dir='ltr'>ream</span> <span class='ocrx_word' id='word_1_117' title='bbox 349 2341 546 2426; x_wconf 86' lang='lat' dir='ltr'>respondere</span> <span class='ocrx_word' id='word_1_118' title='bbox 574 2339 614 2406; x_wconf 84' lang='lat' dir='ltr'>ad</span> <span class='ocrx_word' id='word_1_119' title='bbox 644 2341 690 2424; x_wconf 87' lang='lat' dir='ltr'>id,</span> <span class='ocrx_word' id='word_1_120' title='bbox 723 2341 810 2425; x_wconf 89' lang='lat' dir='ltr'>quod</span> <span class='ocrx_word' id='word_1_121' title='bbox 837 2341 986 2407; x_wconf 74' lang='lat' dir='ltr'>obicitur.</span> <span class='ocrx_word' id='word_1_122' title='bbox 1034 2347 1123 2427; x_wconf 85' lang='lat' dir='ltr'>puta</span> 
     </span>
     <span class='ocr_line' id='line_1_22' title="bbox 154 2429 1121 2516; baseline 0.001 -21"><span class='ocrx_word' id='word_1_123' title='bbox 154 2429 302 2496; x_wconf 71' lang='lat' dir='ltr'>omiitere</span> <span class='ocrx_word' id='word_1_124' title='bbox 330 2453 396 2516; x_wconf 85' lang='lat' dir='ltr'>me,</span> <span class='ocrx_word' id='word_1_125' title='bbox 424 2430 512 2515; x_wconf 89' lang='lat' dir='ltr'>quod</span> <span class='ocrx_word' id='word_1_126' title='bbox 540 2434 637 2495; x_wconf 77' lang='lat' dir='ltr'>antea</span> <span class='ocrx_word' id='word_1_127' title='bbox 660 2430 849 2512; x_wconf 82' lang='lat' dir='ltr'>obiecerim3</span> <span class='ocrx_word' id='word_1_128' title='bbox 879 2452 947 2495; x_wconf 91' lang='lat' dir='ltr'>non</span> <span class='ocrx_word' id='word_1_129' title='bbox 968 2453 1121 2516; x_wconf 72' lang='lat' dir='ltr'>perseve</span> 
     </span>
     <span class='ocr_line' id='line_1_23' title="bbox 153 2519 1120 2605; baseline 0.004 -23"><span class='ocrx_word' id='word_1_130' title='bbox 153 2541 225 2584; x_wconf 86' lang='lat' dir='ltr'>rare</span> <span class='ocrx_word' id='word_1_131' title='bbox 252 2519 287 2585; x_wconf 91' lang='lat' dir='ltr'>in</span> <span class='ocrx_word' id='word_1_132' title='bbox 316 2542 367 2604; x_wconf 86' lang='lat' dir='ltr'>eo,</span> <span class='ocrx_word' id='word_1_133' title='bbox 398 2523 534 2605; x_wconf 79' lang='lat' dir='ltr'>propter</span> <span class='ocrx_word' id='word_1_134' title='bbox 561 2520 646 2604; x_wconf 91' lang='lat' dir='ltr'>quod</span> <span class='ocrx_word' id='word_1_135' title='bbox 675 2519 789 2583; x_wconf 73' lang='lat' dir='ltr'>detuli:</span> <span class='ocrx_word' id='word_1_136' title='bbox 821 2519 860 2584; x_wconf 88' lang='lat' dir='ltr'>do</span> <span class='ocrx_word' id='word_1_137' title='bbox 882 2519 953 2584; x_wconf 77' lang='lat' dir='ltr'>viia</span> <span class='ocrx_word' id='word_1_138' title='bbox 976 2520 1120 2605; x_wconf 79' lang='lat' dir='ltr'>cogitari</span> 
     </span>
     <span class='ocr_line' id='line_1_24' title="bbox 155 2607 1122 2694; baseline 0.003 -22"><span class='ocrx_word' id='word_1_139' title='bbox 155 2630 293 2693; x_wconf 90' lang='lat' dir='ltr'>aequum</span> <span class='ocrx_word' id='word_1_140' title='bbox 323 2612 386 2694; x_wconf 73' lang='lat' dir='ltr'>est,</span> <span class='ocrx_word' id='word_1_141' title='bbox 414 2609 453 2674; x_wconf 86' lang='lat' dir='ltr'>de</span> <span class='ocrx_word' id='word_1_142' title='bbox 482 2609 605 2674; x_wconf 84' lang='lat' dir='ltr'>maiore</span> <span class='ocrx_word' id='word_1_143' title='bbox 630 2608 828 2692; x_wconf 84' lang='lat' dir='ltr'>&lt;re&gt;quaeri</span> <span class='ocrx_word' id='word_1_144' title='bbox 854 2609 953 2693; x_wconf 88' lang='lat' dir='ltr'>prius.</span> <span class='ocrx_word' id='word_1_145' title='bbox 999 2607 1122 2676; x_wconf 72' lang='lat' dir='ltr'>Postea</span> 
     </span>
     <span class='ocr_line' id='line_1_25' title="bbox 154 2696 1122 2783; baseline 0.003 -23"><span class='ocrx_word' id='word_1_146' title='bbox 154 2696 271 2781; x_wconf 86' lang='lat' dir='ltr'>dicam,</span> <span class='ocrx_word' id='word_1_147' title='bbox 301 2720 340 2763; x_wconf 87' lang='lat' dir='ltr'>ex</span> <span class='ocrx_word' id='word_1_148' title='bbox 368 2720 432 2783; x_wconf 86' lang='lat' dir='ltr'>qua</span> <span class='ocrx_word' id='word_1_149' title='bbox 460 2698 641 2764; x_wconf 74' lang='lat' dir='ltr'>diffidentia</span> <span class='ocrx_word' id='word_1_150' title='bbox 667 2697 825 2783; x_wconf 85' lang='lat' dir='ltr'>praeferri</span> <span class='ocrx_word' id='word_1_151' title='bbox 848 2696 1004 2762; x_wconf 88' lang='lat' dir='ltr'>iudicium</span> <span class='ocrx_word' id='word_1_152' title='bbox 1028 2698 1122 2764; x_wconf 89' lang='lat' dir='ltr'>adul-</span> 
     </span>
    </p>

    <p class='ocr_par' dir='ltr' id='par_1_10' title="bbox 100 2785 1121 3050">
     <span class='ocr_line' id='line_1_26' title="bbox 100 2785 1121 2872; baseline 0.004 -22"><span class='ocrx_word' id='word_1_153' title='bbox 100 2799 134 2850; x_wconf 77' lang='lat'>25</span> <span class='ocrx_word' id='word_1_154' title='bbox 153 2785 229 2851; x_wconf 75' lang='lat' dir='ltr'>terii</span> <span class='ocrx_word' id='word_1_155' title='bbox 256 2787 347 2852; x_wconf 72' lang='lat' dir='ltr'>velit:</span> <span class='ocrx_word' id='word_1_156' title='bbox 379 2788 512 2853; x_wconf 73' lang='lat' dir='ltr'>interim</span> <span class='ocrx_word' id='word_1_157' title='bbox 545 2788 607 2852; x_wconf 92' lang='lat' dir='ltr'>duo</span> <span class='ocrx_word' id='word_1_158' title='bbox 640 2787 779 2851; x_wconf 86' lang='lat' dir='ltr'>crimina</span> <span class='ocrx_word' id='word_1_159' title='bbox 807 2786 893 2870; x_wconf 88' lang='lat' dir='ltr'>apud</span> <span class='ocrx_word' id='word_1_160' title='bbox 919 2809 977 2852; x_wconf 87' lang='lat' dir='ltr'>vos</span> <span class='ocrx_word' id='word_1_161' title='bbox 1000 2808 1121 2872; x_wconf 86' lang='lat' dir='ltr'>propo-</span> 
     </span>
     <span class='ocr_line' id='line_1_27' title="bbox 153 2874 1119 2960; baseline 0.003 -22"><span class='ocrx_word' id='word_1_162' title='bbox 153 2877 288 2957; x_wconf 78' lang='lat' dir='ltr'>nuntur,</span> <span class='ocrx_word' id='word_1_163' title='bbox 317 2875 512 2959; x_wconf 65' lang='lat' dir='ltr'>adulterium</span> <span class='ocrx_word' id='word_1_164' title='bbox 541 2880 574 2941; x_wconf 73' lang='lat' dir='ltr'>et</span> <span class='ocrx_word' id='word_1_165' title='bbox 596 2874 817 2959; x_wconf 87' lang='lat' dir='ltr'>parricidium.</span> <span class='ocrx_word' id='word_1_166' title='bbox 863 2876 903 2940; x_wconf 88' lang='lat' dir='ltr'>do</span> <span class='ocrx_word' id='word_1_167' title='bbox 925 2879 1001 2941; x_wconf 76' lang='lat' dir='ltr'>utro</span> <span class='ocrx_word' id='word_1_168' title='bbox 1024 2876 1119 2960; x_wconf 89' lang='lat' dir='ltr'>prius</span> 
     </span>
     <span class='ocr_line' id='line_1_28' title="bbox 154 2964 1121 3050; baseline 0.002 -22"><span class='ocrx_word' id='word_1_169' title='bbox 154 2964 307 3048; x_wconf 82' lang='lat' dir='ltr'>cognosci</span> <span class='ocrx_word' id='word_1_170' title='bbox 330 2964 483 3049; x_wconf 78' lang='lat' dir='ltr'>oportet?</span> <span class='ocrx_word' id='word_1_171' title='bbox 507 2964 622 3030; x_wconf 89' lang='lat' dir='ltr'>hocine</span> <span class='ocrx_word' id='word_1_172' title='bbox 647 2986 783 3050; x_wconf 87' lang='lat' dir='ltr'>aequum</span> <span class='ocrx_word' id='word_1_173' title='bbox 803 2968 867 3048; x_wconf 78' lang='lat' dir='ltr'>esi,</span> <span class='ocrx_word' id='word_1_174' title='bbox 890 2965 1021 3030; x_wconf 87' lang='lat' dir='ltr'>sceleris</span> <span class='ocrx_word' id='word_1_175' title='bbox 1044 2984 1121 3050; x_wconf 81' lang='lat' dir='ltr'>gra·</span> 
     </span>
    </p>
   </div>
   <div class='ocr_carea' id='block_1_8' title="bbox 143 3157 1123 3522">
    <p class='ocr_par' dir='ltr' id='par_1_11' title="bbox 143 3157 1123 3522">
     <span class='ocr_line' id='line_1_29' title="bbox 224 3157 1121 3229; baseline 0.002 -17"><span class='ocrx_word' id='word_1_176' title='bbox 224 3163 238 3212; x_wconf 93' lang='lat'>1</span> <span class='ocrx_word' id='word_1_177' title='bbox 257 3157 353 3212; x_wconf 83' lang='lat' dir='ltr'>videre</span> <span class='ocrx_word' id='word_1_178' title='bbox 371 3162 428 3226; x_wconf 75' lang='lat' dir='ltr'>AB,</span> <span class='ocrx_word' id='word_1_179' title='bbox 448 3174 517 3214; x_wconf 78' lang='lat' dir='ltr'>corr,</span> <span class='ocrx_word' id='word_1_180' title='bbox 537 3157 579 3213; x_wconf 80' lang='lat' dir='ltr'>Gr</span> <span class='ocrx_word' id='word_1_181' title='bbox 592 3161 602 3229; x_wconf 81' lang='grc' dir='ltr'>ΙΙ</span> <span class='ocrx_word' id='word_1_182' title='bbox 620 3165 636 3214; x_wconf 93' lang='grc'><strong>2</strong></span> <span class='ocrx_word' id='word_1_183' title='bbox 657 3157 828 3214; x_wconf 74' lang='lat' dir='ltr'>desideravit</span> <span class='ocrx_word' id='word_1_184' title='bbox 845 3160 889 3228; x_wconf 76' lang='grc' dir='ltr'>ΒΙΙ</span> <span class='ocrx_word' id='word_1_185' title='bbox 909 3164 925 3212; x_wconf 85' lang='grc'><strong>3</strong></span> <span class='ocrx_word' id='word_1_186' title='bbox 945 3157 1032 3214; x_wconf 72' lang='lat' dir='ltr'>fueris</span> <span class='ocrx_word' id='word_1_187' title='bbox 1049 3175 1121 3226; x_wconf 90' lang='lat' dir='ltr'>quo·</span> 
     </span>
     <span class='ocr_line' id='line_1_30' title="bbox 150 3228 1122 3302; baseline 0.003 -20"><span class='ocrx_word' id='word_1_188' title='bbox 150 3228 226 3283; x_wconf 90' lang='lat' dir='ltr'>niam</span> <span class='ocrx_word' id='word_1_189' title='bbox 246 3229 316 3284; x_wconf 85' lang='lat' dir='ltr'>duos</span> <span class='ocrx_word' id='word_1_190' title='bbox 333 3234 354 3282; x_wconf 72' lang='lat' dir='ltr'>B</span> <span class='ocrx_word' id='word_1_191' title='bbox 373 3229 382 3299; x_wconf 92' lang='grc' dir='ltr'>ΙΙ</span> <span class='ocrx_word' id='word_1_192' title='bbox 401 3236 418 3284; x_wconf 82' lang='lat' dir='ltr'>o</span> <span class='ocrx_word' id='word_1_193' title='bbox 439 3230 557 3284; x_wconf 86' lang='lat' dir='ltr'>eandam</span> <span class='ocrx_word' id='word_1_194' title='bbox 575 3234 598 3283; x_wconf 82' lang='grc' dir='ltr'><strong>Δ</strong></span> <span class='ocrx_word' id='word_1_195' title='bbox 616 3233 626 3299; x_wconf 82' lang='grc' dir='ltr'>ΙΙ</span> <span class='ocrx_word' id='word_1_196' title='bbox 646 3236 678 3285; x_wconf 77' lang='grc'>17</span> <span class='ocrx_word' id='word_1_197' title='bbox 697 3229 874 3302; x_wconf 61' lang='lat' dir='ltr'>respondam</span> <span class='ocrx_word' id='word_1_198' title='bbox 893 3229 951 3284; x_wconf 78' lang='lat' dir='ltr'>Aer</span> <span class='ocrx_word' id='word_1_199' title='bbox 968 3232 979 3300; x_wconf 74' lang='lat' dir='ltr'>u</span> <span class='ocrx_word' id='word_1_200' title='bbox 999 3235 1033 3284; x_wconf 86' lang='lat'>18</span> <span class='ocrx_word' id='word_1_201' title='bbox 1051 3233 1122 3286; x_wconf 75' lang='lat' dir='ltr'>ants</span> 
     </span>
     <span class='ocr_line' id='line_1_31' title="bbox 150 3299 1122 3374; baseline 0.003 -21"><span class='ocrx_word' id='word_1_202' title='bbox 150 3304 191 3353; x_wconf 75' lang='lat' dir='ltr'>Aa</span> <span class='ocrx_word' id='word_1_203' title='bbox 212 3300 222 3368; x_wconf 84' lang='grc' dir='ltr'>ΙΙ</span> <span class='ocrx_word' id='word_1_204' title='bbox 246 3300 403 3374; x_wconf 63' lang='lat' dir='ltr'>defendam</span> <span class='ocrx_word' id='word_1_205' title='bbox 423 3301 481 3356; x_wconf 82' lang='lat' dir='ltr'>Aer</span> <span class='ocrx_word' id='word_1_206' title='bbox 503 3303 513 3370; x_wconf 78' lang='lat' dir='ltr'>n</span> <span class='ocrx_word' id='word_1_207' title='bbox 535 3301 630 3371; x_wconf 72' lang='lat' dir='ltr'>patria</span> <span class='ocrx_word' id='word_1_208' title='bbox 652 3305 675 3354; x_wconf 81' lang='grc' dir='ltr'><strong>Δ</strong></span> <span class='ocrx_word' id='word_1_209' title='bbox 695 3302 705 3369; x_wconf 80' lang='grc'>11</span> <span class='ocrx_word' id='word_1_210' title='bbox 725 3306 758 3357; x_wconf 87' lang='grc'>21</span> <span class='ocrx_word' id='word_1_211' title='bbox 780 3301 907 3356; x_wconf 79' lang='lat' dir='ltr'>emittere</span> <span class='ocrx_word' id='word_1_212' title='bbox 926 3305 946 3353; x_wconf 79' lang='lat' dir='ltr'>B</span> <span class='ocrx_word' id='word_1_213' title='bbox 965 3303 976 3369; x_wconf 72' lang='lat' dir='ltr'>fl</span> <span class='ocrx_word' id='word_1_214' title='bbox 998 3299 1122 3356; x_wconf 90' lang='lat' dir='ltr'>obierim</span> 
     </span>
     <span class='ocr_line' id='line_1_32' title="bbox 150 3371 1123 3446; baseline 0.004 -22"><span class='ocrx_word' id='word_1_215' title='bbox 150 3375 191 3424; x_wconf 75' lang='lat' dir='ltr'>Aa</span> <span class='ocrx_word' id='word_1_216' title='bbox 204 3375 214 3442; x_wconf 83' lang='grc' dir='ltr'>ΙΙ</span> <span class='ocrx_word' id='word_1_217' title='bbox 227 3376 260 3426; x_wconf 96' lang='grc'>22</span> <span class='ocrx_word' id='word_1_218' title='bbox 280 3371 351 3446; x_wconf 76' lang='lat' dir='ltr'>(te)</span> <span class='ocrx_word' id='word_1_219' title='bbox 370 3373 460 3429; x_wconf 79' lang='lat' dir='ltr'>detuli</span> <span class='ocrx_word' id='word_1_220' title='bbox 478 3373 532 3429; x_wconf 73' lang='lat' dir='ltr'>Sco</span> <span class='ocrx_word' id='word_1_221' title='bbox 545 3376 555 3444; x_wconf 79' lang='grc' dir='ltr'>ΙΙ</span> <span class='ocrx_word' id='word_1_222' title='bbox 568 3379 603 3428; x_wconf 82' lang='grc'>23</span> <span class='ocrx_word' id='word_1_223' title='bbox 622 3372 747 3427; x_wconf 78' lang='lat' dir='ltr'>maiorne</span> <span class='ocrx_word' id='word_1_224' title='bbox 765 3371 811 3441; x_wconf 82' lang='grc' dir='ltr'>ΔΙΙ</span> <span class='ocrx_word' id='word_1_225' title='bbox 829 3371 902 3445; x_wconf 79' lang='lat' dir='ltr'>(rc)</span> <span class='ocrx_word' id='word_1_226' title='bbox 921 3372 1035 3442; x_wconf 61' lang='grc'><strong>021124</strong></span> <span class='ocrx_word' id='word_1_227' title='bbox 1053 3389 1123 3442; x_wconf 87' lang='lat' dir='ltr'>pro-</span> 
     </span>
     <span class='ocr_line' id='line_1_33' title="bbox 143 3441 845 3522; baseline -0.001 -25"><span class='ocrx_word' id='word_1_228' title='bbox 143 3441 215 3499; x_wconf 70' lang='lat' dir='ltr'>fem·</span> <span class='ocrx_word' id='word_1_229' title='bbox 232 3444 328 3516; x_wconf 64' lang='grc'>31127</span> <span class='ocrx_word' id='word_1_230' title='bbox 345 3444 461 3522; x_wconf 83' lang='lat' dir='ltr'>hocine]</span> <span class='ocrx_word' id='word_1_231' title='bbox 481 3446 536 3504; x_wconf 88' lang='lat' dir='ltr'>hoc</span> <span class='ocrx_word' id='word_1_232' title='bbox 554 3462 621 3503; x_wconf 84' lang='lat' dir='ltr'>mea</span> <span class='ocrx_word' id='word_1_233' title='bbox 635 3449 657 3499; x_wconf 67' lang='lat' dir='ltr'>B</span> <span class='ocrx_word' id='word_1_234' title='bbox 669 3443 684 3514; x_wconf 62' lang='lat' dir='ltr'>ii</span> <span class='ocrx_word' id='word_1_235' title='bbox 695 3447 740 3500; x_wconf 69' lang='lat' dir='ltr'>asi</span> <span class='ocrx_word' id='word_1_236' title='bbox 757 3449 845 3500; x_wconf 66' lang='lat' dir='ltr'>osae</span> 
     </span>
    </p>
   </div>
   <div class='ocr_carea' id='block_1_9' title="bbox 0 0 1203 3816">
    <p class='ocr_par' dir='ltr' id='par_1_12' title="bbox 0 0 1203 3816">
     <span class='ocr_line' id='line_1_34' title="bbox 0 0 1203 3816; baseline 0 0"><span class='ocrx_word' id='word_1_237' title='bbox 0 0 1203 3816; x_wconf 95' lang='lat' dir='ltr'> </span> 
     </span>
    </p>
   </div>
  </div>
 </body>
</html>
