2386 3816
143 122 208 188 136
510 116 739 186 cornemium

456 279 793 350 DECLAMATIO,

208 409 405 494 Priusquam
431 409 526 472 venio
555 406 595 472 ad
622 405 883 481 aestimationem
905 406 1052 472 oriminis
1077 411 1118 472 et

143 498 308 585 propriam
326 497 437 563 iudicii
454 495 589 562 huiusce
609 517 778 579 summam,
800 516 931 561 necesse
947 495 1056 562 habeo
1075 496 1113 562 id

144 588 263 671 dicere,
293 586 378 671 quod
407 586 442 650 in
466 586 577 651 oculos
600 585 851 670 uniuscuiusque
874 587 1031 670 vestrum,
1060 584 1115 650 iu-

108 672 245 760 t‘dices,
268 675 417 741 incurrit:
441 674 611 740 abdicatur
633 694 723 759 puer.
767 672 870 738 nolite
893 674 988 740 illum
1011 675 1116 740 aesti-

144 787 233 832 mare
257 788 295 830 ex
317 763 390 849 hoc,
413 763 499 849 quod
522 763 660 828 maritus
683 766 747 849 est3
770 763 806 828 in
828 784 892 848 quo
914 763 997 828 illud
1014 785 1111 849 prae·

145 856 252 940 cipue,
275 854 410 932 iudices,
438 874 561 937 vereor,
582 874 624 919 ne
647 852 732 937 apud
756 851 883 917 animos
907 858 1032 919 vestros
1058 876 1114 918 eu·

146 950 275 1029 spectus
295 943 339 1008 sit
360 942 569 1026 inpudentiae
592 961 630 1006 ac
652 940 802 1006 videatur
820 941 907 1017 intra
924 941 984 1007 hos
1004 964 1110 1009 annos

144 1033 283 1099 nimium
312 1032 375 1098 cito
398 1030 505 1117 virum
528 1030 647 1116 egisse:
675 1052 810 1096 uxorem
839 1034 934 1114 pater
956 1030 1115 1117 inpuberi

92 1138 126 1188 10
144 1122 240 1189 dedit.
291 1120 367 1206 quid
394 1121 496 1206 igitur
527 1119 609 1187 haec
641 1122 731 1185 aetas
763 1120 968 1187 committere
999 1122 1116 1206 potuit

143 1214 238 1276 tanta
272 1206 549 1276 animadversione
592 1208 749 1295 dignum?
802 1209 856 1275 lex
892 1209 1114 1276 abdicationis

145 1300 299 1365 aduersus
317 1298 473 1365 ferociam
492 1299 646 1365 iuvenum
661 1298 840 1364 constituta
854 1301 912 1364 est.
934 1299 1015 1364 haec
1028 1321 1113 1365 vero

36 1437 37 1440 ,
144 1387 319 1453 infirmitas
343 1387 421 1453 adeo
445 1387 591 1453 nocentis
613 1408 732 1453 nomen
753 1409 820 1452 non
842 1387 969 1475 recipit,
995 1390 1112 1455 utrix

144 1476 281 1561 recipiat
303 1477 495 1542 innocentis.

92 1581 126 1632 15
213 1562 248 1630 si
266 1567 377 1630 tamen
395 1587 583 1652 perseveras
602 1564 752 1631 abdicare
768 1569 935 1652 tamquam
949 1566 1114 1652 iuvenem,

146 1659 309 1740 superest,
336 1658 373 1720 ut
405 1676 466 1740 ego
490 1676 618 1740 quoque
640 1658 808 1739 tamquam
830 1656 978 1722 iuvenem
1002 1656 1111 1722 defen-

146 1744 228 1810 dam.
273 1743 383 1809 Vultis
414 1743 530 1830 igitur,
561 1743 698 1828 iudices,
730 1743 835 1811 dicam
867 1744 926 1809 illa
957 1746 1114 1812 omnibus

146 1833 213 1900 fere
236 1833 478 1899 abdicationum
496 1833 622 1899 iudiciis
640 1833 775 1918 vulgata
792 1856 852 1918 pro
872 1834 998 1911 liberis:
1021 1857 1111 1901 »non

146 1943 207 2007 ego
234 1923 416 1988 luxuriatus
444 1944 530 2009 sum3
562 1944 629 1988 non
661 1941 721 2007 ego
754 1923 957 1988 meretricem
988 1926 1114 2010 amavi3

94 2020 129 2077 20
147 2033 214 2077 non
240 2015 377 2096 paterna
403 2012 491 2103 bona
517 2011 605 2076 vitiis
633 2012 864 2096 consumpsit«
910 2010 972 2078 Sed
996 2014 1024 2079 ei
1047 2012 1113 2080 hoc

146 2122 356 2186 proposuero,
374 2100 622 2184 respondebitur
642 2136 684 2149 --
697 2105 808 2187 potest
823 2102 911 2168 enim
926 2127 983 2169 -:
1000 2103 1113 2189 „adul-

145 2193 243 2270 teros,
265 2189 380 2274 inquit,
402 2211 468 2255 non
490 2188 668 2255 occidisti.“

212 2276 369 2343 Dicamus
402 2283 436 2342 et
464 2282 634 2362 tamquam
660 2301 721 2362 pro
749 2280 880 2346 marito:
912 2302 980 2347 non
1006 2281 1112 2347 habes

146 2367 197 2432 ius
221 2367 394 2434 abdicandi
415 2370 550 2455 propter
571 2367 647 2452 hoc,
670 2370 756 2454 quod
778 2370 831 2435 lex
852 2369 929 2436 huie
951 2372 1113 2456 permisit.

93 2470 128 2522 26
147 2478 270 2542 vereor,
292 2479 334 2522 ne
356 2458 460 2523 risum
479 2461 645 2523 mereatur
660 2457 741 2529 haec
760 2457 904 2525 defensio
921 2480 1005 2544 mea,
1026 2464 1111 2527 tem·

147 2567 245 2631 quam
274 2546 328 2612 hic
355 2546 550 2612 utrumlibet
574 2547 729 2632 potuerit.
775 2547 831 2614 sed
853 2549 1000 2633 potuerit
1023 2572 1112 2616 sane.

147 2635 266 2699 marito
294 2636 355 2701 vel
389 2633 566 2702 occidere
593 2636 824 2722 adulterum,
856 2637 917 2703 vel
946 2644 1113 2723 accepte

144 2723 310 2809 pecunia
341 2723 543 2791 dimittere
572 2724 658 2792 lieet.
701 2748 768 2792 non
794 2732 891 2815 potes
919 2732 1054 2813 propter
1076 2729 1112 2793 id

145 2810 253 2896 irasci,
277 2812 363 2898 quod
385 2813 457 2879 iura
478 2813 555 2879 huic
577 2814 800 2899 permiserunt.
839 2816 992 2902 loquatur
1015 2820 1111 2883 mari·

92 2917 128 2966 eo
146 2905 201 2966 tus
220 2923 294 2966 oum
313 2901 421 2968 animo
441 2925 509 2986 suo,
531 2902 686 2987 loquatur
705 2925 778 2972 eum
796 2904 924 2971 adfectu
943 2928 1012 2993 sno,
1035 2929 1110 2973 cum

145 2990 278 3074 propria
301 2991 400 3055 animi
424 2992 474 3057 sui
496 2995 624 3057 natura.
664 2994 691 3058 si
714 2999 848 3078 propter
870 2995 932 3061 hoo
955 2995 1032 3063 licet
1055 2998 1111 3062 ab·

218 3207 234 3256 8
253 3201 336 3256 huius
352 3205 374 3255 B
389 3202 428 3272 i⁶
446 3200 597 3258 incurrerit
613 3208 634 3259 B
652 3205 661 3274 ΙΙ
674 3203 823 3261 addicatur
839 3208 915 3277 Alit
933 3207 1042 3279 inpub
1060 3214 1083 3263 Δ
1101 3212 1113 3280 tt

150 3278 184 3329 12
202 3272 298 3328 iuveni
314 3277 336 3327 B
350 3273 360 3343 ΙΙ
375 3279 407 3328 15
426 3272 558 3330 abdicere
575 3278 622 3346 Au
637 3281 670 3331 16
684 3280 812 3347 superest
825 3297 851 3334 u.
866 3295 888 3334 e.
904 3297 930 3348 q.
945 3281 965 3335 t
980 3280 1113 3337 iuvenem

146 3359 196 3398 om.
215 3348 237 3398 B
255 3346 265 3412 ss
285 3350 317 3399 17
337 3345 388 3399 illa
406 3343 499 3400 dicam
516 3345 622 3402 iudices
641 3351 661 3400 B
680 3349 690 3418 ΙΙ
710 3354 742 3404 18
761 3348 834 3405 ferre
852 3355 901 3404 AB
914 3354 925 3423 t
938 3357 972 3408 26
991 3353 1041 3408 eed
1059 3370 1112 3424 po·

145 3413 234 3471 tuerit
253 3431 303 3472 om.
322 3419 344 3469 B
359 3419 416 3486 {127
436 3416 572 3474 occiderit
589 3423 638 3472 AB
653 3421 710 3490 {128
729 3421 825 3491 potest
842 3426 865 3475 Δ
