2386 3816
115 126 182 189 414
495 122 727 188 QUINTILIANI

114 290 238 373 tentius
262 290 321 372 est,
345 287 430 371 quod
449 287 484 350 in
503 287 577 351 albo
596 287 680 372 lego,
704 307 800 369 quam
820 285 907 370 quod
924 287 962 350 in
981 290 1079 354 testa·

115 381 262 550 meliiged
285 468 392 549 pater,
414 465 534 550 inquit,
557 464 662 529 voluit
685 484 736 528 me
760 484 829 527 esse
852 462 1024 549 heredem,
1048 469 1079 530 el

115 556 187 620 ideo
211 555 450 639 tyrannicidam
476 554 619 639 scripsit,
646 553 721 638 quia
750 551 873 617 sciebat
897 574 951 617 me
975 555 1077 619 factu·

80 660 187 709 urum
210 643 488 727 tyrannicidium.“
533 641 684 706 Falleris:
715 643 748 704 te
778 663 918 725 nemque
943 643 1078 707 minime

115 733 226 799 voluit.
254 733 378 797 namsi
398 732 563 810 voluisset,
587 729 771 814 scripsisset
789 730 898 794 »filius
922 753 1028 816 meus,
1051 732 1077 796 si

115 821 227 887 fecerit
250 820 510 905 tyrannicidium,
532 820 626 884 heres
649 819 732 883 mihi
756 819 825 882 sia«
861 840 948 884 nunc
969 823 1077 885 autem

115 913 259 996 apparet,
283 909 446 975 dolentem
468 909 651 993 iratumque
675 909 844 990 scripsisse
868 910 901 971 et
921 908 1077 992 adoptare

114 1000 279 1065 inlocum
302 998 363 1061 filii
386 997 625 1082 tyrannicidam
649 997 800 1079 voluisse,
823 996 899 1080 quia
922 997 959 1061 in
980 998 1077 1063 virtu-

62 1104 96 1153 10
114 1092 182 1152 tem
205 1086 427 1171 tyrannicidae
450 1086 554 1149 filium
579 1085 719 1149 excitare
742 1106 808 1148 non
831 1088 973 1167 poterat.
1016 1088 1076 1151 ira-

114 1179 227 1241 tumt
212 1177 273 1240 tibi
297 1176 369 1240 dico
392 1175 507 1239 fuisse:
540 1173 712 1239 abdicavit.
758 1195 936 1256 numquam
959 1175 1043 1240 levit
1029 1180 1076 1240 etr

75 1266 350 1330 excandescunt
377 1267 511 1349 patres.
543 1267 576 1327 et
599 1285 663 1348 qua
686 1262 807 1326 causa?
854 1261 941 1345 quod
967 1266 1077 1348 tyran·

114 1376 192 1418 num
216 1375 282 1418 non
307 1352 480 1417 occideras
513 1351 611 1435 vides,
630 1349 901 1434 quemadmodum
920 1351 1076 1418 inertiam

116 1445 283 1506 execratus
312 1441 367 1519 sit,
396 1462 437 1503 ne
465 1424 593 1504 iudiciis
617 1440 747 1523 quidem
771 1439 865 1503 malis
889 1441 1076 1507 excitatam

62 1546 94 1594 15
114 1533 243 1593 tantum
267 1529 484 1594 abdicavit?
474 1550 590 1593 immo:
613 1550 681 1592 non
703 1527 839 1592 reduxit.
885 1550 1007 1612 passus
1031 1534 1078 1596 est

114 1618 258 1701 exulare3
289 1639 331 1682 ne
362 1618 503 1682 moriens
531 1615 659 1701 quidem
688 1616 853 1681 miseritus
878 1620 942 1680 est:
977 1621 1076 1685 etiam

113 1710 313 1772 testamento
338 1706 557 1790 exheredavit,
580 1705 679 1770 etiam
703 1705 786 1770 alios
811 1705 993 1789 adoptavit.

507 1899 680 1966 SERMO.

179 2026 324 2093 Ultimae
347 2029 456 2110 partes
481 2025 665 2110 aequitatis.

59 2240 94 2289 20
423 2218 762 2286 DECLAMATIO.

177 2344 328 2430 „Tamen
350 2343 465 2429 inquit,
488 2347 663 2427 tyrannum
683 2343 814 2408 occidi.“
842 2343 928 2408 Puta
952 2349 986 2411 te
1012 2372 1079 2415 me-

110 2435 226 2498 ruisse:
250 2433 351 2498 habes
375 2433 554 2516 praemium
574 2433 804 2517 erepublica.
837 2432 919 2497 illud
939 2437 1079 2504 virtutis

109 2522 290 2606 praemium
313 2522 409 2587 debet
432 2544 512 2606 esse,
534 2521 597 2586 hoc
618 2520 755 2585 inertiae
780 2520 986 2604 supplicium.
1020 2527 1078 2592 sed

111 2611 238 2695 quando
262 2611 429 2676 occidisti?
453 2613 686 2698 testamentum
709 2612 742 2673 te
767 2610 930 2674 excitavit.

57 2807 91 2856 as
508 2785 679 2852 SERMO.

177 2912 217 2977 In
240 2912 355 2977 ultimo
378 2912 500 2978 tuenda
522 2917 725 2979 mortuorum
748 2913 880 2979 iudicia:
909 2935 1080 2983 commen-

111 3001 260 3066 dabimus
289 3000 448 3066 iudicibus
471 3005 675 3067 testamenta.
722 3003 847 3068 nullam
871 3007 982 3070 autem
1006 3030 1080 3072 ma-

182 3193 421 3264 llegequuod
434 3194 498 3248 test
514 3209 625 3249 omissae
639 3194 771 3264 1anss
788 3196 808 3251 t.
820 3193 975 3250 timidot'u.
992 3201 1035 3251 Ab
1051 3204 1077 3254 et

108 3266 167 3320 cdd.
182 3265 191 3334 l
208 3271 241 3319 14
259 3265 408 3349 indiculi,
427 3265 548 3346 publicis
567 3266 623 3334 Gr;
640 3268 687 3320 sed
705 3268 772 3334 cf.
760 3284 791 3320 su
810 3267 901 3320 iudice
918 3281 1011 3322 vocem
1031 3271 1081 3324 iu·

107 3337 176 3391 daca
190 3338 201 3405 ΙΙ
215 3343 247 3391 16
266 3335 419 3406 miserius]
439 3335 602 3391 interfectus
620 3337 665 3406 13ss
684 3343 716 3392 17
738 3354 847 3392 exere
865 3341 887 3389 Δ
903 3338 912 3405 l
928 3343 962 3391 19
982 3342 1078 3407 partis

104 3408 179 3479 ΔΒΙ)
193 3413 228 3462 24
247 3411 275 3464 te
295 3425 344 3464 om
364 3409 456 3480 nure
472 3409 728 3464 commendavimus
747 3413 796 3462 ΔΒ
810 3411 867 3476 lt?
886 3409 1000 3464 nullum
1018 3415 1042 3464 B
