2386 3816
536 147 767 215 QUINTILIANI

444 345 447 351 ’
481 359 818 432 naonlulmo,

234 490 352 558 Merito
376 490 533 575 scriptum
557 493 620 556 eet:
646 510 767 574 magno
791 488 917 572 labore,
942 488 1058 554 multie
1083 510 1143 572 pe-

166 581 277 646 riculis
301 583 495 646 consecutus
518 601 600 644 sum.

560 753 733 822 SERMO.

130 899 146 949 e
232 881 295 946 Est
318 881 394 966 <et>
419 881 544 966 aliquid
566 881 735 966 proprium
758 880 1002 945 controversiae
1028 880 1121 945 huic.

470 1055 808 1125 DECLAMATIO.

231 1183 312 1250 Peto
344 1154 525 1270 praemium
553 1183 663 1267 fortis,
690 1184 745 1268 qui
774 1203 874 1248 senex
900 1182 1032 1248 fortiter
1061 1182 1138 1267 feci,

165 1275 221 1358 qui
251 1275 316 1338 iam
339 1277 433 1358 pater
456 1273 584 1339 fortiter
606 1273 683 1357 feci,
711 1272 766 1357 qui
789 1273 824 1337 in
848 1293 886 1337 ea
909 1272 976 1337 acie
999 1271 1137 1339 fortiter

112 1468 145 1519 10
164 1361 293 1534 {eeotpsip
311 1384 375 1447 que
395 1366 428 1427 et
445 1363 532 1428 filius
551 1383 641 1427 meus
660 1362 753 1447 fugit.
787 1360 871 1447 „Sed
889 1363 1003 1428 contre
1023 1360 1136 1448 legem

557 1573 730 1641 SERMO.

230 1698 352 1764 Iterum
370 1700 429 1766 illa
447 1700 639 1767 communia.
672 1721 767 1765 omne
784 1700 994 1785 privilegium
1013 1706 1134 1768 eontra

162 1789 289 1874 reliqua
311 1790 384 1855 iure
407 1811 489 1875 esse;
507 1790 592 1855 'viris
615 1789 756 1854 fortibus
783 1811 849 1855 non
867 1811 964 1874 posse
983 1793 1135 1874 praemia

162 1879 312 1964 persolvi,
335 1879 400 1944 nisi
423 1900 496 1944 cum
515 1879 626 1964 eliqua
643 1878 854 1944 inclinatione
879 1879 963 1964 legis
983 1878 1135 1949 alieuius.

110 1984 143 2033 15
161 1969 242 2033 haec
269 1968 335 2033 iem
358 1972 511 2053 prompta
533 1972 571 2033 ut
593 1988 830 2052 comparemus:
860 1969 991 2034 etiamsi
1016 1975 1134 2036 contra

162 2056 269 2142 legem
293 2061 457 2142 optamus,
480 2061 589 2123 utrem
612 2061 723 2122 temen
745 2058 851 2142 magis
876 2058 997 2122 servari
1021 2059 1133 2145 legem

161 2144 290 2228 placet?
312 2150 423 2210 utrum
446 2168 531 2231 eam,
558 2143 641 2232 'quae
664 2146 822 2212 honorem
846 2146 901 2211 dat
924 2147 1006 2212 bene
1032 2149 1133 2212 meri-

161 2234 219 2318 tis,
247 2255 399 2319 eneam,
427 2257 510 2320 quae
533 2236 705 2301 constituit
731 2256 870 2319 poenam
893 2237 1135 2321 peccantibus?

161 2322 274 2387 deinde
299 2323 498 2409 specialiter:
520 2328 630 2390 utrum
654 2346 740 2409 eam,
770 2346 853 2409 quoe
875 2326 1033 2390 honorem
1056 2327 1132 2392 viro

108 2427 142 2477 20
161 2411 240 2477 forti
265 2412 334 2497 dat,
363 2436 405 2478 an
433 2436 519 2499 eam,
547 2435 628 2498 quae
656 2435 795 2498 poenam
823 2413 979 2480 desertori
1008 2417 1134 2481 consti·

160 2500 248 2566 tuit?
275 2503 309 2566 in
335 2507 475 2588 utraque
506 2525 540 2568 re
565 2503 729 2588 speciosus
754 2508 787 2567 et
810 2507 942 2588 apertus
964 2508 1133 2571 tractatus

161 2593 223 2655 est:
254 2612 332 2656 nam
365 2592 545 2658 describere
575 2614 760 2676 possumne,
789 2597 911 2677 quanta
938 2614 1009 2659 cum
1046 2594 1131 2659 diffi-

160 2679 282 2744 cultate
309 2679 441 2746 fortiter
468 2685 631 2767 pugnetur
659 2688 692 2747 et
720 2685 842 2766 quanto
871 2703 943 2747 cum
971 2683 1132 2770 periculo,

160 2771 193 2834 et
226 2790 377 2834 excusare
410 2774 443 2836 et
476 2771 551 2836 dare
584 2771 711 2836 veniam
748 2771 903 2854 aliquam:
937 2775 975 2836 ut
1006 2777 1132 2838 nature

230 3021 245 3071 5
264 3014 334 3100 (et)
353 3015 413 3084 Ro;
436 3016 528 3090 (sed)
547 3019 591 3072 est
608 3017 665 3072 Aer
679 3020 688 3088 Η
703 3017 890 3073 controversie
904 3022 928 3070 Δ
941 3020 980 3088 118
1000 3019 1049 3087 qui
1067 3018 1129 3074 iam

158 3089 239 3157 pater
257 3088 368 3144 fort1ter
386 3088 441 3144 feei
459 3106 509 3144 om.
529 3096 552 3142 Δ
574 3092 584 3158 l
607 3095 720 3144 9meue
739 3088 830 3143 fuit?
853 3091 862 3158 l
886 3094 920 3143 14
939 3089 1037 3145 alien
1061 3093 1071 3160 ΙΙ
1094 3097 1130 3146 16

157 3158 273 3229 propria
291 3158 362 3215 Rari
376 3160 385 3228 l
403 3165 436 3215 21
456 3163 522 3215 utra
539 3165 561 3213 Δ
576 3164 585 3230 ll
600 3166 632 3215 23
651 3177 808 3231 pugnemus
827 3165 891 3213 Ber
904 3163 913 3230 11
927 3166 962 3215 24
982 3163 1011 3216 et
1028 3164 1129 3231 petere

157 3247 219 3287 ven.
240 3230 305 3312 Ro&
324 3230 475 3286 secundum
495 3231 536 3286 Gr
558 3232 635 3357 Ἡ.
655 3235 684 3288 et
701 3233 799 3288 nata
826 3235 837 3302 l
863 3250 902 3287 aa
918 3213 1065 3300 ’‘veniem,
1096 3237 1129 3288 ut

157 3303 258 3356 natura
277 3302 399 3374 dignam.
439 3301 491 3373 [sit
509 3305 539 3358 et
579 3301 606 3358 ·f.
626 3304 644 3358 f.
664 3322 706 3375 p.‚
735 3305 842 3374 fluxum
866 3321 898 3360 ecc
916 3305 1034 3360 notaio
1051 3321 1128 3359 mor·

156 3374 220 3502 pisale
242 3376 385 3446 opposita:
412 3389 466 3431 esee
489 3375 540 3443 elif.
559 3375 640 3446 lp]
665 3375 734 3446 qnid
752 3394 789 3432 m.
810 3373 935 3449 (enim),
954 3381 1001 3433 etc.
1022 3374 1070 3446 (t),
1091 3377 1128 3444 cf.

141 3460 267 3520 amm·
