2386 3816
259 166 575 228 DECLAMATIONIIS.
596 171 835 255 accnxxxvllr.
962 176 1026 241 441
1122 210 1125 215 ·

467 332 639 400 SERMO.

137 455 175 519 In
199 459 336 522 matrem
359 458 471 523 stilla
495 455 608 525 Cicero
632 460 728 527 dixit:
751 465 878 527 »mater
902 464 1031 529 anima

10 622 25 646 .
71 567 133 626 me,
156 545 288 610 tametsi
311 547 346 612 in
368 547 455 613 huno
477 547 592 613 hostili
616 549 691 615 odio
711 552 743 614 et
762 551 951 618 arudeIItate
971 556 1029 636 est,

71 638 184 716 mater,
206 634 351 721 inquam,
374 637 621 719 appellabiturar
644 638 703 704 sub
722 639 785 704 hoo
803 643 916 705 tamen
932 640 1030 706 titulo

71 722 258 787 insidiatam
280 724 349 789 filio
373 723 451 789 diait
473 726 639 809 quaesisse
660 727 814 814 pericula,
837 731 874 793 ut
896 729 956 793 filii
980 729 1065 795 suis

71 812 157 876 bona
181 816 286 877 seotor
309 813 499 897 possideret.

381 990 720 1060 DECLAMATIO.

138 1114 232 1182 Nihil
251 1115 382 1200 quidem
399 1115 487 1181 ultra
504 1115 585 1183 haee
598 1117 778 1182 timendum
792 1117 863 1201 fuit,
883 1120 916 1182 et
934 1140 1032 1203 supra

72 1204 169 1287 fidem
192 1204 300 1270 laesus
324 1208 382 1270 est.
410 1204 569 1289 gratulari
586 1208 698 1270 tamen
715 1205 778 1270 tibi
795 1206 881 1271 inter
900 1207 1033 1272 calami-

73 1298 158 1359 tates
180 1296 264 1378 tuas,
288 1296 430 1378 eruenta,
453 1315 596 1380 possum,
620 1293 706 1380 quod
725 1295 798 1360 avia
817 1295 958 1361 secunda
975 1296 1030 1361 he·
1050 1313 1084 1362 10

73 1404 125 1447 res
148 1402 215 1447 non
236 1381 308 1448 fuit.
344 1382 448 1447 multa
471 1385 557 1466 sunt,
580 1404 663 1467 quae
686 1382 831 1448 animum
853 1387 947 1449 tuum
970 1386 1032 1449 sola

73 1472 212 1537 licitent:
244 1471 387 1558 ingentis
416 1471 608 1556 patrimonii
635 1471 812 1558 hereditas,
845 1476 877 1537 et
900 1473 1032 1558 gravior

72 1561 298 1646 possessionis,
321 1582 418 1645 quam
442 1560 511 1645 spei
533 1560 659 1626 iactura
681 1563 745 1626 est:
769 1565 802 1626 et
824 1561 880 1627 diu
903 1584 975 1628 oum
994 1583 1033 1626 aa

73 1650 171 1716 fuisti.
217 1649 277 1714 illa
303 1653 411 1714 tecum
440 1648 559 1734 (habeo
583 1647 722 1735 certum)
746 1651 888 1735 cogitas,
910 1651 961 1715 »si
983 1672 1032 1714 re·

73 1738 169 1823 cipio,
188 1739 283 1804 ducet
296 1758 440 1822 uxorem,
459 1759 555 1822 quam
574 1737 714 1802 fortasse
729 1739 886 1803 cariorem
904 1739 1032 1822 habeat,
1055 1754 1086 1803 15

36 1878 42 1891 .
74 1848 172 1911 quam
200 1829 370 1891 matrem<
416 1846 493 1911 ergo
524 1826 594 1891 sola
624 1826 735 1890 obstat
763 1825 952 1911 patrimonii
982 1847 1034 1891 oo-

99 1916 201 1981 tatio.

74 1935 107 2001 g]
142 2003 173 2067 A
195 2003 310 2087 piratis
334 2002 514 2087 dimissum,
538 2026 557 2068 a
579 2002 713 2068 fortuna
738 2039 777 2050 —
803 2024 822 2068 0
845 2005 888 2089 te,
910 2003 1033 2089 liberta,

74 2092 309 2158 inofficiosnml
326 2128 371 2139 -
391 2091 549 2158 reduxisti
571 2114 639 2158 non
662 2092 702 2156 ad
725 2091 895 2178 imagines,
918 2093 974 2158 sed
996 2099 1034 2158 ut

74 2181 208 2267 propius
232 2181 385 2247 amissam
408 2180 601 2267 dignitatem
625 2180 793 2265 aspiceret.
829 2182 965 2266 aetiam,
987 2181 1033 2247 in·
1053 2197 1087 2246 20

76 2272 155 2356 quit,
173 2271 341 2337 fortunam
355 2291 462 2336 meam
475 2290 657 2335 novaram<
679 2292 746 2336 non
765 2273 824 2354 est,
841 2292 931 2355 puer,
949 2271 1034 2354 quod

76 2382 148 2426 oum
180 2360 299 2426 liberto
333 2359 493 2447 queraris:
531 2359 641 2424 omnia
668 2359 731 2425 tibi
756 2358 875 2443 reddit,
906 2361 1035 2442 praeter

75 2454 221 2515 matrem.
880 2453 884 2460 '

148 2632 230 2694 asqq.
261 2623 296 2691 cl.
323 2621 380 2679 Oia
404 2637 456 2692 pro
480 2622 516 2677 A.
542 2622 666 2678 Cluentio
691 2621 718 2677 V
739 2621 811 2694 §12
839 2621 913 2677 Nam
942 2621 1036 2678 Sassia

77 2700 168 2752 mater
182 2695 266 2751 huius
280 2692 371 2749 AvItir
390 2694 482 2749 mater
495 2693 569 2748 enim
584 2709 602 2749 a
615 2709 660 2748 me
675 2692 706 2748 in
720 2693 797 2748 omni
811 2704 912 2763 causa,
922 2692 1038 2748 tametsi

76 2769 107 2824 in
125 2769 199 2823 huno
217 2764 316 2822 hostili
334 2763 400 2821 odio
419 2763 449 2819 ot
466 2763 632 2820 crudelitate
653 2765 711 2832 ost,
729 2765 828 2831 mater,
846 2765 969 2834 inquam,
988 2780 1038 2834 ap·

75 2839 231 2912 pellabitur
251 2839 261 2909 I
283 2841 300 2892 8
318 2835 407 2907 ultra]
426 2837 525 2890 contra
542 2840 562 2888 B
580 2837 590 2905 I
611 2842 643 2891 12
667 2835 695 2889 in
719 2852 767 2891 ens
785 2841 806 2888 1’
823 2837 833 2906 [Ι
853 2841 887 2890 14
904 2835 960 2890 fuit
977 2839 1037 2904 AB,

76 2928 145 2968 corr.
165 2911 218 2966 Sat
231 2912 241 2980 I
256 2911 362 2964 eertum
379 2905 472 2963 habeo
489 2910 510 2960 lt
524 2906 534 2976 ΙΙ
549 2912 582 2960 19
602 2923 668 2961 nam
711 2906 846 2989 ‘magines
866 2913 908 2960 Aa
927 2908 1038 3032 werp,

76 2983 188 3054 praeter
203 2983 322 3036 matrem
336 2977 424 3034 habet
433 2978 576 3047 hucusque
587 2978 792 3033 controversias
801 2995 917 3034 numero
949 2977 1011 3031 XLI

76 3061 100 3111 et
127 3055 225 3110 deinde
249 3052 336 3108 literis
344 3050 520 3137 potaculis
546 3047 608 3103 mc
636 3047 704 3103 IAM
730 3049 867 3105 INCIPIT
896 3045 1038 3104 SENECA

76 3141 204 3198 DECEM
224 3139 375 3196 RETORU
393 3135 585 3192 FELICITER
604 3138 650 3208 (cf.
664 3139 797 3212 proteqp.)
816 3142 840 3192 Δ
