2386 3816
344 154 662 213 nscnnunmouss,
681 155 871 213 ccctxmx.
1018 158 1084 225 423
1155 233 1158 239 ,

122 317 231 402 fuerit,
254 321 452 384 testamenta
474 318 654 402 perdemus.
691 319 830 385 abdicas.
871 320 1002 385 amavi?
1025 341 1083 404 po·

122 407 215 474 tavi?
239 412 272 472 et
294 407 435 472 fortasse
457 406 522 472 ista
545 406 685 473 donasti.
714 408 799 472 tanti
822 409 972 494 supplicii
995 409 1082 493 quod

119 496 244 562 crimen
266 495 335 560 est?

187 582 287 668 „Non
309 583 448 665 indicas,
471 583 590 667 inquit,
614 583 692 668 quid
715 584 843 651 locutus
868 583 943 650 sis.“
977 582 1081 669 Finge

119 673 222 738 nolle:
245 673 330 738 licet
354 671 565 756 magistratus
588 693 654 737 non
677 672 787 758 exigit,
808 673 917 756 patria
939 694 1007 738 non
1030 689 1115 740 err-5

119 763 198 848 igit3
230 761 258 826 si
287 760 485 845 proditorem
511 763 622 844 putas,
654 781 779 826 accusa.
825 765 901 826 aunt
924 760 1081 847 quaedam

120 855 255 934 secreta,
274 848 406 932 iudices,
429 851 462 913 et
481 848 581 912 animi
598 852 771 932 parentum
789 849 935 935 imperiis
954 852 1080 915 vacant.

470 1055 725 1127 GGOLXXIX.

200 1184 308 1251 Diues
331 1202 352 1248 a
375 1181 535 1266 parasito
559 1182 734 1263 sacrilego
757 1199 841 1249 reus
864 1183 993 1251 caedis.

117 1310 247 1463 Paupteer
275 1311 309 1373 et
336 1307 427 1373 dives
450 1306 584 1372 inimici.
630 1308 717 1409 dives
739 1330 915 1461 paupepem
938 1308 1078 1462 fficiam
1098 1324 1132 1375 10

207 1417 353 1551 aih?
368 1416 594 1567 &iiiiii
618 1417 761 1550 itit
788 1396 903 1569 {Sia}
925 1402 1078 1552 titt}

206 1574 247 1639 ab
272 1573 511 1657 caparasima,
536 1573 573 1637 in
595 1574 767 1658 sacrilegio
791 1573 1024 1660 deprehensus,
1060 1597 1077 1640 e

205 1664 277 1748 lege
300 1664 407 1727 tortus
430 1661 514 1725 inter
538 1660 603 1726 alia
625 1661 715 1746 dixit,
739 1685 758 1727 a
781 1662 881 1728 divite
899 1685 1076 1747 pauperem

203 1750 492 1904 plelpproppimicum
514 1747 633 1814 iniuria
657 1752 808 1816 occisum.
854 1750 943 1815 dives
968 1752 1074 1817 caedis
1095 1765 1130 1815 15

420 2011 761 2079 DECLAMATIO.

185 2137 253 2203 Reo
278 2137 384 2202 caedis
409 2136 487 2223 qnid
510 2137 671 2203 obicitur?
698 2137 894 2223 petulantia,
921 2139 1074 2222 improbi·

114 2233 176 2313 tas,
199 2224 475 2311 circumscriptio?
498 2225 564 2291 ista
586 2247 627 2290 ne
645 2247 770 2310 pauper
787 2226 918 2311 quidem
937 2227 1073 2293 obiecit:

114 2340 172 2383 nec
199 2315 307 2402 potuit
332 2315 436 2380 latere
464 2317 540 2380 ante
567 2318 641 2381 acta
668 2315 736 2380 vita
759 2314 819 2380 sub
843 2315 1002 2380 eiusmodi
1023 2317 1073 2381 in·
1092 2330 1127 2380 20

113 2408 220 2489 immo,
244 2425 339 2488 quem
362 2424 463 2489 usque
487 2424 525 2469 eo
549 2403 774 2469 vehementem
797 2403 918 2488 dicitis,
941 2407 979 2469 ut
1001 2425 1074 2471 mea

113 2517 212 2559 manu
235 2495 322 2557 esset
342 2491 548 2576 iugulandus.

182 2580 245 2646 Sed
267 2579 435 2646 inimicum
458 2579 581 2647 occidi?
604 2579 723 2667 qnam?
744 2601 931 2665 pauperem,
955 2581 1010 2664 qui
1027 2581 1074 2646 ni-

113 2671 161 2735 hil
184 2671 219 2733 in
241 2668 339 2752 curia,
356 2666 442 2732 nihil
463 2668 498 2733 in
517 2669 667 2735 contione
685 2672 824 2753 poterat.
851 2668 976 2734 inimici
995 2674 1073 2735 sunt

114 2781 153 2824 ex
176 2757 257 2843 pari.
295 2755 352 2821 sod
374 2759 454 2841 puta
475 2756 644 2823 inimicum
666 2757 781 2823 fuisse:
805 2756 918 2822 statim
942 2756 983 2821 ad
1001 2779 1072 2822 caa-
1090 2771 1126 2822 25

112 2847 186 2911 dem
210 2845 460 2930 confugiendum
483 2845 554 2912 est?
576 2845 750 2912 verborum
773 2844 998 2913 contentiones
1022 2868 1071 2912 ar·

112 2936 175 3001 mis
198 2932 377 3000 finiuntur?
402 2934 502 2999 etiam
525 2933 674 3000 hostibus
693 2934 845 3018 parcitur.
876 2932 997 3000 Cacsar
1012 2933 1071 3001 Oa·

111 3025 182 3090 toni
209 3024 314 3089 voluit
340 3023 518 3108 ignoscere.
563 3022 689 3089 Deinde
717 3044 790 3089 mea
812 3045 911 3088 manu
935 3023 1069 3091 occido?

110 3117 179 3178 tam
208 3112 334 3178 efferati
361 3111 463 3176 animi
493 3111 588 3176 sum?
623 3133 689 3177 non
719 3134 878 3178 venenum
908 3115 971 3197 est,
1002 3133 1070 3176 non

182 3291 199 3340 4
218 3286 355 3355 quidquid
373 3287 420 3356 ΔΙΙ
435 3291 466 3340 11
487 3283 660 3359 <substan
675 3291 707 3340 19
727 3286 811 3355 quide
829 3291 853 3338 Δ
865 3286 875 3356 i
889 3291 922 3339 22
941 3282 1069 3354 iugulan-

109 3357 214 3413 dumB
237 3361 247 3427 ΙΙ
270 3364 305 3413 24
327 3356 506 3413 contentione
529 3360 550 3409 B
572 3358 581 3428 11
604 3363 638 3413 26
657 3358 702 3413 cat
718 3373 768 3414 om.
787 3361 808 3410 B
830 3357 841 3425 [4
863 3360 898 3410 28
916 3354 988 3412 deda
1006 3355 1078 3408 met.

110 3433 134 3480 Δ
147 3429 156 3497 ΙΙ
170 3434 204 3483 29
223 3427 351 3484 afferenti
369 3433 405 3498 Δ,
424 3426 572 3484 efferacit
