2386 3816
268 195 588 254 DECLAMATIONXS.
615 197 820 254 CCCXXXVII.
953 197 1018 261 325

452 359 626 426 SERMO.

124 482 274 550 Summae
297 487 407 568 partes
432 488 507 551 sunt
531 484 716 570 aequitatis.

367 659 706 727 DECLAMATIO.

121 785 219 850 Pater
241 786 336 850 nobis
359 784 445 849 idem
468 784 549 870 fuit,
575 785 686 850 eadem
709 807 809 850 onera
831 786 940 870 nobis,
969 808 1019 852 ea·

56 875 129 939 dem
147 875 234 939 bona
253 874 397 958 reliquit:
417 896 473 938 cur
491 878 526 939 tu
547 874 691 958 locuples
711 874 767 938 es?
786 875 871 959 apud
889 879 922 939 te
941 896 1019 960 ager
1038 890 1054 940 5

55 967 158 1048 totus,
192 984 252 1045 pro
285 984 348 1047 quo
377 961 461 1027 nihil
488 963 680 1050 inpendisti,
711 963 795 1027 nihil
825 965 1018 1028 numerasti:

56 1073 117 1138 ego
141 1051 261 1136 nudus,
290 1072 350 1137 ego
380 1072 508 1136 egenus.
553 1055 624 1116 erat
645 1051 708 1117 hoe
730 1052 917 1136 tolerabile,
946 1075 1020 1117 cum

55 1140 180 1205 viderer
207 1139 243 1204 in
270 1161 366 1223 aequo
388 1143 495 1205 tecum
519 1141 655 1224 positus.
701 1140 808 1205 aufers
837 1141 918 1205 mihi
942 1142 1019 1205 civi-

55 1229 134 1294 tatis
156 1229 348 1294 beneficium
367 1232 400 1294 et
418 1251 470 1293 me
490 1229 537 1294 sic
554 1229 720 1313 relinquis,
743 1233 912 1313 tamquam
926 1234 1019 1314 pater

55 1320 184 1401 praeter
212 1339 267 1384 aes
296 1318 436 1383 alienum
463 1318 547 1382 nihil
575 1318 750 1402 reliquerit.
796 1321 867 1384 tum
891 1335 1072 1404 quoque10

54 1406 176 1471 invitus
202 1406 279 1473 feei:
313 1408 431 1472 aetatis
461 1429 552 1471 meae
579 1407 766 1472 infirmitati
791 1408 948 1474 consului.
985 1406 1019 1473 si

54 1495 234 1560 hereditate
265 1496 327 1561 tibi
360 1515 438 1580 ager
465 1496 528 1560 iste
556 1497 710 1579 venisset,
741 1496 916 1562 inhumane
946 1518 1019 1561 cum

54 1584 155 1649 fratre
183 1605 248 1648 non
276 1585 455 1668 partireris.
504 1606 571 1649 non
602 1587 733 1650 tantum
762 1586 929 1670 sanguinis
958 1607 1019 1650 nos

54 1673 126 1737 iura
149 1673 363 1758 coniungunt:
390 1673 513 1758 aliquid
537 1678 570 1738 et
592 1673 664 1757 ipsa
686 1675 874 1757 necessitas,
897 1673 1020 1759 aliquid

55 1767 87 1826 et
110 1763 184 1844 ipsa
208 1762 355 1828 societas.
971 1794 974 1809 ·
1039 1777 1072 1826 15

404 1970 679 2039 CCCXXXVII.

253 2095 391 2163 seditio
414 2095 541 2180 populi
564 2096 601 2162 et
624 2095 818 2164 exercitus.

55 2223 121 2301 Qui
145 2238 273 2288 causes
296 2240 334 2286 m
359 2239 497 2288 suunru
520 2239 769 2288 vonuurnamn
792 2239 923 2288 nonme
945 2241 1020 2290 uon

143 2327 428 2395 Anpaonnvnnlr,
446 2327 660 2377 Insneunnus
675 2327 873 2376 Amemus.
891 2310 1020 2398 Pauper

145 2405 177 2465 et
209 2399 300 2466 dives
328 2400 463 2467 inimici.
514 2401 643 2484 utrique
672 2399 786 2464 domus
814 2403 848 2464 et
875 2421 958 2464 uxor
986 2405 1019 2465 et
1038 2415 1072 2464 ao

143 2489 248 2554 liberi.
293 2488 358 2554 dux
385 2492 512 2554 creatus
540 2488 628 2554 belle
657 2488 745 2553 dives
775 2510 848 2553 oum
875 2488 926 2554 bis
950 2489 1018 2554 acie

145 2579 251 2643 victus
275 2581 376 2663 esset,
398 2577 558 2662 processit
579 2598 716 2664 pauper,
744 2575 800 2661 qui
824 2579 857 2641 et
880 2575 1018 2643 disertus

145 2669 224 2752 erat,
248 2670 280 2732 et
298 2667 379 2732 dixit
397 2667 491 2750 prodi
509 2688 578 2730 rem
596 2665 762 2750 publicam
781 2687 800 2730 a
819 2665 927 2731 divite.
959 2667 1018 2730 im-

144 2760 239 2840 petus
265 2756 302 2820 in
330 2756 462 2821 domum
490 2754 600 2821 divitis
633 2754 739 2819 factus
752 2816 754 2820 ,
768 2757 819 2819 est
848 2776 867 2818 a
894 2755 1017 2840 populo

145 2848 178 2910 et
197 2845 312 2911 domus
330 2845 463 2910 incense
478 2847 511 2909 et
524 2843 688 2909 interfecti
707 2842 802 2908 liberi
822 2865 895 2907 cum
913 2866 1020 2910 uxore.
1039 2859 1074 2909 25

144 2934 225 3001 vicit
247 2934 347 2999 tertia
370 2934 439 2998 acie
463 2933 551 2998 dives
575 2937 608 2997 et
630 2934 665 2996 in
686 2935 885 3016 potestatem
907 2933 1020 2999 hostes

143 3023 278 3109 redegit.
321 3022 481 3089 exereitus
505 3022 618 3087 divitis
642 3021 775 3087 domum
798 3023 950 3106 pauperis
973 3023 1021 3088 in-
1065 3099 1068 3102 ⁴

126 3205 143 3254 ⁸
161 3198 278 3253 videbar
296 3197 341 3254 Re
354 3198 364 3268 l
377 3197 408 3252 in
425 3197 479 3252 hoe
497 3201 557 3265 AB,
576 3195 705 3268 corallo
723 3202 749 3252 et
766 3195 806 3251 Εἰ
819 3199 828 3266 ΙΙ
843 3202 929 3250 9-10
948 3198 1020 3250 tam-

54 3287 141 3339 quam
160 3269 231 3324 mihi
248 3268 321 3323 nihil
339 3267 485 3337 reliquerit
502 3273 552 3337 Aa,
570 3269 705 3337 tanquam
723 3266 795 3321 mihi
812 3262 885 3320 nihil
899 3268 980 3336 pater
1014 3307 1021 3320 .

54 3358 79 3399 a.
96 3357 121 3398 a.
136 3340 185 3396 rel.
200 3345 221 3393 B
236 3341 244 3408 ΙΙ
260 3346 292 3395 11
311 3339 505 3394 infirmitatem
523 3343 583 3407 AB,
602 3356 671 3394 corr.
687 3339 726 3393 Pi
739 3341 751 3409 ll
764 3343 869 3392 11-ra
883 3284 1030 3415 siQ'mg

54 3411 215 3467 hereditate
234 3411 278 3466 Ro
296 3413 306 3480 l
326 3418 359 3465 12
377 3410 430 3466 tibi
448 3427 499 3466 em.
519 3415 543 3464 Δ
559 3412 573 3484 l
589 3416 625 3466 tt
643 3409 784 3483 partieris
804 3413 864 3474 ka,
880 3406 1050 3475 papanem

54 3487 76 3536 Β
86 3486 102 3551 p
113 3490 145 3537 21
166 3483 208 3537 bis
226 3482 264 3537 ab
280 3483 343 3540 acie
361 3485 409 3558 All
424 3490 459 3542 24
479 3484 511 3542 in
529 3485 620 3543 domo
642 3485 672 3542 u.
693 3482 824 3552 ssll‘l-'l
847 3478 962 3532 Cumas
979 3473 1029 3520 ht
