2386 3816
312 154 632 212 DECLAMATIONES.
652 153 800 212 cccxuss.
976 158 1041 224 349

80 317 197 381 finitio.
227 316 307 382 dicit
331 318 417 382 enim
439 318 477 400 is,
500 319 558 402 qui
579 320 664 404 petit
687 320 721 384 in
745 321 944 405 servitutem,
968 344 1042 387 eum

80 427 151 471 esse
178 404 213 468 in
239 405 393 471 libertate
420 407 544 471 domini
567 408 749 493 voluntate,
782 431 879 494 quem
900 411 1038 476 liberum

79 515 150 560 esse
174 493 324 559 dominus
347 496 496 560 voluerit
541 499 655 561 nostra
676 519 752 581 pars
777 498 865 582 dicit,
887 499 922 563 in
944 499 1042 564 liber·

78 587 148 648 tate
173 604 242 648 esse
265 584 390 649 domini
412 585 582 650 voluntate
605 607 674 670 eos,
698 585 752 670 qui
777 586 898 671 aliquid
920 609 981 671 pro
1004 588 1041 652 li·

79 671 166 736 beris
191 692 230 736 ex
253 673 420 739 voluntate
443 673 568 738 domini
594 674 748 740 fecerunt
794 675 970 756 refellenda
993 680 1077 743 ests

80 760 175 825 nobis
199 761 305 827 finitio
329 763 433 846 partis
458 762 623 847 adversae,
651 762 765 828 deinde
792 767 906 828 nostra
929 764 1043 829 confir·

78 849 207 915 manda.
251 851 326 916 finis
348 853 451 935 partis
476 851 631 917 adversae
654 852 701 917 sia
722 852 897 934 refelletur.

392 990 728 1060 DECLAMATIO.

147 1096 218 1174 Qui
240 1100 443 1165 voluntate
467 1100 613 1166 domini
635 1101 674 1165 in
698 1101 886 1166 libertate
908 1100 1043 1184 fuerit,

80 1187 182 1253 liber
205 1188 266 1253 sit.
297 1186 331 1253 si
354 1188 393 1252 de
415 1188 467 1254 his
490 1188 679 1274 loqueretur
701 1190 761 1274 lex,
784 1211 865 1274 quos
890 1189 1094 1255 dominus10

81 1277 325 1343 manumisisset
344 1282 377 1342 et
395 1277 515 1343 liberos
535 1300 605 1344 esse
623 1279 790 1362 voluisset,
809 1299 1041 1362 supervacuum

17 1394 19 1399 ·
81 1370 161 1431 erat.
189 1388 267 1431 nam
289 1367 389 1431 etiarn
411 1366 473 1431 hau
495 1368 567 1453 lege
586 1367 719 1433 sublata
735 1389 802 1432 non
821 1365 1042 1453 dubitabatur,

80 1455 157 1540 quin
180 1455 373 1521 manumissi
395 1455 492 1520 liberi
514 1460 632 1522 essent.
667 1460 836 1540 praeterea
859 1456 946 1521 aliud
969 1478 1040 1522 esse

80 1544 116 1608 in
138 1544 289 1609 libertate
313 1566 397 1629 esse,
429 1544 517 1609 aliud
540 1545 679 1610 liberum
702 1566 786 1630 esse,
817 1545 917 1609 etiam
940 1567 978 1609 ex
1002 1566 1040 1611 eo

78 1632 289 1699 manifestum
311 1637 374 1718 est,
397 1634 483 1718 quod
507 1655 579 1717 eos,
600 1635 655 1718 qui
678 1633 714 1698 in
736 1634 888 1699 libertate
911 1633 1042 1718 fuerint,
1061 1649 1094 1698 15

79 1723 201 1788 liberos
225 1744 295 1788 esse
319 1723 372 1788 lex
395 1723 495 1787 iubet.
531 1722 571 1787 ad
595 1744 676 1807 quos
700 1743 777 1808 ergo
800 1723 853 1786 lex
875 1722 1041 1807 pertinet?

78 1815 117 1875 ut
139 1811 179 1877 ad
202 1815 349 1876 nostram
372 1810 555 1876 finitionem
577 1810 759 1876 redeamus:
783 1812 839 1894 qui
855 1810 1041 1876 volentibus

80 1900 220 1965 dominis
248 1900 385 1966 fecerint
413 1900 523 1984 aliqua
549 1902 717 1984 tamquam
740 1899 843 1963 liberi.
888 1901 926 1962 ut
953 1901 1041 1982 puta,

80 1989 226 2074 signavit
258 1989 380 2073 aliquid
411 1989 540 2053 volente
573 1987 705 2053 domino
739 2008 865 2052 servus:
903 1986 1042 2051 liberum

80 2099 150 2143 esse
173 2078 253 2142 vult.
289 2079 437 2162 iniquum
461 2077 547 2142 enim
570 2077 633 2141 erit
655 2075 785 2141 tabulas
808 2075 986 2162 †auferri†
1009 2080 1043 2140 et
1060 2092 1099 2142 20

80 2167 357 2251 circumscriptum
381 2188 452 2232 esse
469 2165 578 2232 neseio
598 2187 702 2250 quem,
726 2165 778 2230 cui
796 2165 945 2251 signatae
965 2168 1041 2230 sunt

79 2255 222 2320 tabulae.
250 2255 346 2320 iudex
368 2255 455 2320 inter
476 2255 557 2320 duos
582 2253 768 2320 convenerit
790 2259 823 2319 et
846 2254 1041 2319 sententiam

79 2344 193 2408 tulerit
218 2345 349 2409 volente
377 2343 520 2410 domino:
548 2344 688 2409 liberum
716 2364 789 2408 esse
813 2343 899 2407 hune
927 2341 1041 2425 voluit,

80 2435 118 2496 ut
159 2454 197 2496 ea
234 2454 299 2518 res,
349 2455 431 2517 quae
471 2433 616 2499 iudicata
656 2436 739 2517 erat,
774 2431 911 2496 haberet
948 2452 1041 2495 suum

79 2520 186 2586 finem.
209 2521 345 2606 denique
367 2522 540 2605 neminem,
563 2522 617 2606 qui
641 2522 676 2585 in
694 2521 804 2604 aliqua
821 2519 927 2584 forma
945 2519 1042 2584 liber·
1061 2534 1095 2584 25

80 2610 160 2675 tatis
182 2610 305 2694 fuisset,
327 2611 392 2676 nisi
414 2609 527 2676 fraude
550 2612 583 2675 et
606 2611 702 2696 eulpa
725 2630 784 2674 sua
801 2609 905 2674 redire
923 2608 958 2672 in
977 2629 1042 2672 ser·

80 2700 218 2765 vitutem
250 2700 362 2765 voluit.
419 2700 454 2764 in
485 2699 639 2765 libertate
671 2703 778 2764 autem
811 2697 941 2782 putavit
973 2717 1043 2760 esse

79 2787 190 2871 legum
217 2789 306 2854 lator
332 2789 431 2854 etiam
459 2810 529 2873 eos,
557 2789 613 2871 qui
640 2809 707 2852 non
728 2787 897 2852 voluntate
919 2784 1043 2850 domini

79 2877 115 2941 in
144 2878 298 2942 libertate
326 2881 447 2962 essent3
479 2878 562 2942 sicut
589 2897 657 2960 eos,
687 2877 743 2960 qui
774 2875 963 2940 absentibus
987 2874 1043 2938 do-

154 3020 168 3068 1
188 3015 212 3070 is
222 3031 272 3070 mn.
283 3021 304 3069 B
317 3018 357 3086 112
376 3016 612 3099 voluntatemne
624 3015 633 3084 ΙΙ
648 3013 754 3070 domini
771 3015 918 3070 voluntate
936 3031 986 3070 om.
1005 3014 1043 3086 Bt}

80 3103 166 3212 iffi:
184 3086 369 3215 gualbbbmtb'lb
382 3091 470 3228 Ιῖτξτῧθ
481 3088 672 3214 ''ababuxrltanltu
686 3083 1043 3226 bcsspegauudaoagerggess

81 3229 144 3298 ΔιΙΙ
160 3235 193 3283 11
212 3200 251 3283 ba
268 3176 500 3284 *manumisitbt
516 3229 608 3284 voluit
626 3202 686 3300 (ist
707 3235 738 3283 12
757 3202 823 3300 baa]
843 3229 878 3282 de
896 3228 940 3296 Bu
955 3232 988 3281 18
1004 3235 1041 3310 ,Ν

81 3305 105 3353 Δ
118 3302 127 3371 ΙΙ
142 3307 176 3355 10
194 3300 339 3356 inimicum
357 3302 401 3371 ΒΗ
415 3299 566 3368 †auferri†
581 3300 640 3366 Ro;
659 3300 766 3355 aboleri
785 3299 826 3354 Gr
840 3300 849 3368 tl
863 3302 967 3351 21-22
988 3299 1045 3378 unt

81 3371 183 3498 anbtrllsse
200 3373 248 3498 ΙΔίοΙΙ
262 3378 296 3427 25
315 3372 407 3427 forma
424 3373 456 3426 in
473 3387 529 3427 ras.
548 3372 627 3426 babet
644 3374 677 3439 A,
694 3370 822 3426 formata
833 3371 932 3437 &wi
949 3368 1064 3426 amma„
