2386 3816
330 181 648 238 DECLAMATIONES.
668 183 845 240 cccnxxn.
1008 184 1072 248 411

111 369 202 411 meus
227 368 326 429 esses,
350 345 533 412 debilitavi:
566 369 645 411 uum
667 370 726 431 per
749 348 881 413 vinum?
911 372 994 413 num
1017 371 1075 433 per

110 435 278 502 furorem?
306 458 384 500 num
407 436 534 501 iratus?
566 436 647 502 talio
671 436 808 502 iniuriae
832 439 914 503 ultio
939 442 997 504 est.
1040 438 1075 501 in

110 526 174 589 hoc
202 524 324 608 scripta
352 527 403 590 est
429 525 496 609 lex,
527 546 568 589 ne
596 526 667 609 quis
692 525 812 610 inpune
842 527 992 610 petulans
1023 528 1074 592 sit.

111 613 174 678 hoc
198 632 276 696 ergo
301 613 394 694 dicis,
422 635 474 678 me
497 614 616 679 iniuria
638 614 836 680 abstulisse?
867 616 939 700 lege
962 615 1073 699 incidi3

110 724 171 766 nec
200 723 276 788 ego,
304 702 360 766 sed
389 701 542 768 carnifex.
588 702 743 788 quidquid
772 704 845 788 lege
868 703 992 769 factum
1016 707 1109 788 est,5

113 790 272 864 vindicari
300 791 372 876 lege
395 813 463 856 nou
486 791 581 858 solet.
627 795 660 857 et
682 815 747 877 qua
765 792 860 876 lege?
893 793 983 879 »qui
1011 815 1073 876 pa-

111 884 210 943 trem
242 879 494 963 pulsaverit«.
538 878 621 964 „Sed
652 884 702 965 tu,
734 881 855 966 inquit,
887 886 981 965 pater
1008 904 1075 946 non

110 967 232 1032 fuistif‘
277 968 375 1034 Puta:
408 968 526 1034 iudicia
552 973 662 1033 tamen
690 970 816 1035 iudiciis
845 971 985 1035 rescindi
1008 992 1074 1035 non

111 1060 260 1141 possunt.

506 1144 683 1211 SERMO.
1094 1164 1127 1212 10

181 1269 245 1335 Hic
267 1270 305 1335 de
329 1272 503 1336 sanctitate
526 1270 726 1337 iudiciorum.

425 1446 765 1516 DECLAMATIO.

182 1569 261 1636 Sera
295 1576 372 1657 post
408 1573 652 1638 damnationem
687 1575 892 1639 innocentiae
930 1574 1073 1638 defensio

113 1662 171 1725 est.
217 1661 316 1740 istud,
345 1661 431 1745 quod
458 1684 544 1726 nuno
572 1663 697 1745 dixisti,
726 1667 800 1729 ante
828 1663 972 1727 dixisses.
1019 1663 1075 1727 sed

112 1771 179 1814 non
198 1749 336 1832 potuisti
353 1750 472 1834 dicere3
490 1756 584 1836 pater
601 1757 677 1816 tuus
693 1773 791 1835 eram,
810 1752 879 1815 iure
894 1751 1073 1834 praesentis
1095 1768 1127 1815 15

114 1837 324 1902 condicionis.
365 1838 513 1904 abdicare
536 1840 645 1924 itaque
669 1839 775 1924 potui3
799 1838 944 1904 occidere
967 1840 1075 1922 potui:

115 1948 246 1992 omnem
273 1929 484 2011 potestatem,
515 1933 684 2013 tamquam
711 1928 747 1992 in
774 1928 893 2010 filium,
920 1947 1075 1991 exercere.

115 2013 267 2079 miraris?
310 2037 370 2081 nec
400 2017 455 2081 ille
488 2019 598 2102 potuit
629 2016 862 2099 contradicere,
895 2015 950 2099 qui
981 2020 1076 2099 pater

115 2108 195 2169 erat
237 2125 322 2187 „non
354 2127 438 2188 eras,
465 2106 580 2191 inquit,
611 2106 798 2171 naturalis.“
847 2108 940 2170 tanto
973 2106 1076 2190 igitur

114 2192 190 2279 plus
218 2214 412 2259 merueram:
445 2195 588 2260 alienum
616 2196 826 2280 sustuleram,
858 2217 931 2259 cum
960 2199 1075 2276 essent,
1095 2211 1128 2259 20

116 2282 172 2365 qui
195 2304 270 2347 suos
293 2283 484 2366 proicerent.
531 2284 587 2350 sed
609 2287 646 2350 ut
668 2307 735 2350 non
757 2283 882 2368 fuerim,
905 2288 943 2347 tu
964 2286 1076 2347 tamen

114 2372 239 2455 putasti
262 2376 399 2457 patrem.
436 2374 487 2438 lex
511 2377 619 2439 autem
643 2377 783 2439 mentem
807 2373 909 2458 punit.
932 2375 968 2436 ut
992 2371 1075 2436 scias

116 2482 228 2526 verum
249 2461 413 2527 essehoc:
437 2464 620 2546 impetravi.
653 2462 729 2546 „sed
747 2466 793 2547 tu,
815 2461 931 2544 inquit,
951 2460 1075 2526 sciebas

116 2564 185 2614 n'ou
209 2571 279 2614 esse
301 2551 405 2615 filium
428 2550 548 2618 tuum.“
580 2555 729 2636 poteram
743 2551 870 2636 quidem
885 2550 995 2614 debere:
1020 2548 1076 2614 sed

118 2638 243 2703 meritis
267 2643 359 2721 pater
383 2661 486 2723 eram,
516 2640 571 2704 sed
599 2645 635 2726 tp
658 2645 825 2724 tamquam
847 2642 975 2723 patrem
997 2639 1075 2703 ceci·
1095 2655 1128 2703 ao

118 2726 220 2791 daras.
267 2727 322 2791 sed
345 2732 463 2813 testor,
486 2731 589 2796 nolui:
621 2731 804 2813 expositum
828 2749 954 2812 quoque
979 2727 1075 2792 colle·

116 2838 241 2900 geram:
264 2816 425 2902 indignati
450 2823 525 2884 sunt
548 2819 658 2899 amici;
682 2819 751 2900 ipse
774 2817 880 2882 fassus
903 2838 947 2883 es.

185 2904 269 2980 Quid
300 2928 387 2972 nunc
415 2907 536 2973 facies?
578 2906 742 2991 praecides
773 2928 901 2990 manus,
934 2928 1015 2991 quae
1043 2910 1075 2970 te

117 2995 340 3060 sustulerunt?

190 3193 206 3240 3
227 3186 284 3242 sint
300 3192 378 3241 B-l'
401 3189 410 3258 ss
434 3193 520 3244 onec
538 3205 591 3258 ego
611 3192 700 3243 om.B
723 3191 733 3258 ΙΙ
757 3194 789 3243 13
810 3201 841 3249 Ν
862 3193 886 3241 Δ
912 3191 922 3258 ΙΙ
950 3194 983 3242 14
1002 3187 1077 3256 quod

117 3275 191 3313 nunc
209 3259 280 3314 dicis
299 3260 343 3314 Ro
361 3261 370 3328 l
394 3266 428 3315 16
447 3259 574 3315 occidere
592 3260 674 3329 potui
692 3277 743 3315 om.
761 3264 782 3312 B
805 3263 815 3332 ΙΙ
839 3266 871 3314 17
890 3259 987 3313 filios
1009 3260 1020 3327 ΙΙ
1044 3264 1076 3313 18

118 3335 187 3383 -19
212 3331 260 3398 qui
281 3333 363 3399 pater
381 3329 546 3404 (nondum)
564 3332 626 3386 erat
648 3337 720 3386 auct.
744 3332 838 3387 insert.
858 3347 903 3398 op.
922 3329 980 3383 Aer
1006 3329 1018 3397 l
1043 3335 1076 3384 21

116 3402 292 3472 proiecerant
309 3407 349 3455 Aa
362 3405 372 3472 ss
386 3408 420 3457 24
439 3404 509 3457 scire
528 3406 589 3472 ΔΒ,
607 3419 679 3467 corr.
698 3402 742 3458 Ro
