2386 3816
173 144 236 208 188
300 139 302 144 ·
435 146 437 151 ·
507 138 767 223 ,ournrnnur

173 330 234 393 que
266 306 307 371 ad
331 304 454 371 crimen
476 304 646 391 legemque
668 324 736 369 non
757 302 932 386 pertinent
979 298 1134 386 Sequitur

173 415 265 480 ergo,
297 397 335 458 ut
362 393 406 459 sit
433 395 617 479 proximum
645 392 779 476 crimen,
812 391 897 477 quod
924 391 959 456 in
986 390 1133 458 ministe-

172 485 222 549 rio
246 483 345 548 fucrit
367 483 434 547 filia
457 504 538 548 mea.
579 482 697 546 iterum
721 480 925 546 accusabitur
948 483 1133 566 paupertas.

174 571 250 657 quid
274 593 352 659 ergo
375 593 435 637 nos
458 571 564 637 facere
587 569 704 636 iubes?
728 590 835 635 emere
857 591 924 635 non
944 590 1134 654 possumus,

138 676 153 726 5
175 661 274 727 etiam
294 662 322 725 si
342 661 475 746 quidex
496 658 667 726 cotidianis
682 661 851 744 supererat
863 658 1041 743 laboribus,
1060 657 1135 725 edu·

176 750 261 816 catio
282 750 440 815 exhausit.
463 752 648 814 mutuemur
667 769 745 834 ergo
761 751 794 814 et
808 747 924 812 alicnis
942 747 1135 812 ministeriis

173 839 320 904 lautitias
332 841 456 904 vestras
466 837 640 924 imitemur,
651 840 807 922 quantum
816 838 927 923 potest
936 835 1134 920 quis<que>.

174 928 257 1013 apud
282 950 338 994 vos
362 927 414 992 illi
436 947 552 1012 greges
577 926 811 1010 ministrorum,
834 925 919 1009 apud
937 946 996 990 ros
1017 936 1133 990 aurum

174 1021 206 1082 et
230 1019 410 1102 argentum.
448 1015 664 1080 ministerium
687 1035 765 1101 ergo
787 1013 853 1079 fuit
876 1036 915 1079 ex
938 1035 1022 1079 mco.
1066 1035 1133 1080 non

121 1123 154 1172 10
173 1111 223 1171 est
250 1105 336 1171 istud
364 1104 508 1171 deforma
534 1104 745 1189 pauperibus:
773 1125 850 1169 nam
878 1106 911 1168 et
934 1102 1022 1168 siin
1045 1102 1133 1168 aliud

174 1193 237 1259 diei
264 1198 394 1279 tempus
420 1193 603 1277 incidisses,
634 1197 706 1258 tum
733 1212 861 1277 quoquc
883 1191 946 1257 tibi
969 1191 1134 1258 rideretur

174 1282 305 1348 ancilla:
333 1282 470 1347 vidisses
498 1304 599 1366 pensa
625 1281 808 1348 facientem.
854 1280 923 1346 lilia
949 1280 1054 1365 igitur
1077 1281 1132 1345 mi·

172 1371 335 1451 nistravit,
359 1372 441 1436 sicut
464 1371 546 1436 mihi
570 1372 662 1437 solet.
707 1370 772 1435 nisi
795 1369 919 1437 veritus
943 1390 1063 1454 essem,
1091 1390 1132 1435 nc

171 1459 233 1524 tibi
261 1459 418 1524 invidiam
445 1459 516 1524 fieri
543 1464 689 1544 putares,
716 1459 781 1524 nisi
807 1480 859 1523 me
887 1458 1050 1543 frequenti
1072 1458 1131 1523 hu-

120 1565 153 1614 15
173 1548 329 1612 manitate
361 1548 395 1613 in
426 1548 548 1614 honore
579 1545 760 1633 posuisses,
789 1568 851 1633 ego
883 1547 1132 1613 ministrassem.

134 1673 136 1677 ·
172 1635 258 1701 Hinc
282 1658 410 1721 quoque
433 1658 571 1721 remove,
595 1637 681 1722 quod
703 1641 741 1702 tu
763 1637 884 1702 iecisti:
910 1657 976 1702 non
1000 1640 1053 1702 est
1075 1636 1131 1701 cir·

172 1725 395 1810 cumscriptio,
423 1727 510 1811 quod
534 1727 755 1811 interrogatus
779 1724 957 1792 verecunde
979 1724 1132 1810 respondi

172 1817 217 1897 et,
246 1836 318 1880 cum
346 1814 428 1879 mihi
456 1819 563 1881 tecum
587 1815 748 1899 coepisset
770 1836 873 1880 novus
897 1835 989 1899 usus,
1017 1811 1131 1880 eruliui

170 1904 272 1969 videri
296 1905 364 1969 sine
388 1905 515 1970 ancilla
557 1904 620 1971 hoc
642 1904 721 1970 mali
743 1904 844 1970 habet
867 1903 1017 1969 ambitus.
1060 1924 1131 1987 pec·

81 2049 86 2058 .
118 1991 261 2059 co'cassc
293 2015 346 2059 me
373 1992 491 2060 fateor:
525 1992 694 2059 dicendum
722 1993 786 2059 fuit
813 2014 935 2059 verum
986 1992 1043 2059 sed
1070 1992 1132 2059 hac

170 2101 275 2165 poena
304 2084 398 2165 potes
427 2103 497 2147 esse
525 2086 708 2148 contentus:
737 2103 804 2148 non
830 2082 951 2167 inpune
973 2081 1046 2148 leci.
1093 2101 1133 2147 cn

171 2190 253 2253 quae
273 2191 292 2233 a
310 2190 362 2233 me
380 2169 468 2236 lacta
487 2175 574 2254 sunt,
592 2171 672 2236 haec
686 2175 776 2236 sunt:
795 2170 915 2254 hi<n>c
929 2191 981 2236 me
996 2170 1131 2236 circum·

172 2259 358 2341 scriptionis
383 2280 507 2341 accusa,
530 2259 614 2325 nihil
636 2260 709 2344 ipse
725 2260 850 2326 feceris.
883 2281 962 2325 num
982 2259 1079 2344 enim,
1103 2259 1132 2324 si

170 2351 206 2410 tu
236 2347 319 2413 nihil
347 2349 568 2432 concupisces,
594 2370 660 2414 non
687 2349 867 2435 rapuisses,
894 2351 1026 2433 poterat
1050 2348 1132 2413 mihi

117 2453 151 2503 co
172 2435 256 2500 obici
276 2437 555 2522 circumscriptio?
573 2437 637 2504 hoc
655 2458 733 2523 ergo
753 2437 867 2523 exigis,
885 2441 922 2503 ut
935 2457 996 2521 ego
1009 2459 1132 2504 nocens

172 2525 233 2589 sim
256 2547 322 2590 non
347 2548 385 2591 ex
407 2548 480 2593 meo
505 2526 604 2612 facto,
625 2527 682 2592 sed
706 2549 745 2594 ex
767 2531 836 2594 tuo·

238 2614 318 2699 Age,
341 2637 393 2681 res
415 2616 545 2700 quidem
563 2617 636 2702 ipsa
654 2615 788 2682 crimine
808 2619 906 2700 caret,
926 2614 981 2680 sed
1001 2615 1130 2681 animus

172 2706 340 2785 suspectus
373 2705 447 2770 est?
484 2705 560 2791 quid
590 2709 641 2771 est
663 2704 785 2791 igitur?
823 2727 875 2769 me
899 2703 1052 2770 credibile
1081 2709 1131 2771 cst

171 2790 453 2859 circumscribendi
472 2798 581 2860 mente
600 2795 736 2860 fecisse?
755 2793 899 2877 invitavi,
917 2797 954 2858 ut
972 2793 1130 2877 raperes?

116 2896 150 2946 30
168 2900 272 2963 neque
296 2880 382 2945 enim
406 2885 536 2968 poterat
559 2882 713 2969 dubitari,
739 2883 818 2968 quin
842 2904 1022 2968 quaereres,
1045 2904 1129 2966 quae

169 2968 385 3057 ministraret,
408 2974 530 3038 etcum
550 2972 796 3058 interrogasses,
817 2975 941 3037 certum
961 2974 1032 3036 erat
1050 2970 1131 3056 fore,

241 3151 256 3200 6
276 3144 417 3200 intuemur
430 3148 451 3197 B
465 3146 474 3216 ll
489 3152 504 3201 '1
523 3146 704 3204 lautitias
723 3153 746 3201 Δ
759 3148 768 3217 ΙΙ
781 3147 928 3202 mittamur
940 3151 971 3219 B,
984 3145 1131 3204 imitemur

168 3220 188 3267 Ρ
210 3216 219 3284 ΙΙ
243 3214 400 3289 quis<que>
418 3217 472 3272 Scit
494 3218 504 3288 ll
529 3223 561 3273 10
581 3219 777 3275 estonum
798 3220 808 3288 n
832 3225 864 3272 12
883 3222 1040 3288 pensat
1095 3224 1129 3273 14

167 3287 300 3343 invidia
318 3290 364 3359 ΔΙΙ
384 3294 416 3343 19
436 3287 552 3343 abitus
570 3289 617 3359 ΔΙΙ
629 3295 662 3343 21
683 3291 712 3344 et
731 3295 788 3358 AB,
807 3307 876 3346 corr.
891 3290 1006 3360 1201122
1020 3289 1052 3345 hi
1073 3289 1129 3363 n>o

167 3357 211 3414 Ro
224 3360 233 3428 ll
248 3363 282 3413 26
296 3361 328 3483 qt
342 3376 408 3430 ergo
423 3379 450 3414 n.
459 3363 501 3413 Aa
513 3361 523 3430 ΙΙ
537 3366 642 3415 27-28
653 3360 760 3417 animos
769 3362 961 3432 dispectusAa
974 3363 983 3432 l
998 3367 1032 3418 30
1042 3378 1128 3431 quae-

162 3446 229 3485 rens
244 3436 300 3484 B-
