2386 3816
289 171 607 229 DECLAMATIONES.
627 172 792 230 CCCLXIV.
954 173 1020 238 395

148 339 200 400 ter
222 337 261 401 de
286 339 398 421 stupro
421 335 531 401 uxoris
555 335 680 401 adiecto
703 337 809 420 pretio
832 337 1017 423 appellatus

146 425 348 509 vestiplioam
372 425 524 492 dominae
541 424 657 491 habitu
677 426 776 491 misit.
808 425 914 491 malae
933 429 1019 491 trao-

147 513 283 580 tationis
306 536 380 580 rous
403 518 462 580 est.

449 690 624 757 SERMO.

124 813 262 882 Maritus
285 817 346 882 illo
370 817 478 883 eolore
501 814 719 881 defendendus
743 818 806 900 est,
833 818 871 881 ut
893 816 1054 881 dicaturn

55 905 157 970 fuisse
180 905 318 989 diligens
338 908 449 971 custos
468 904 642 990 pudicitiae
660 905 781 988 uxoris,
804 908 921 970 natura
940 927 1018 990 quo-

56 1015 119 1078 que
143 994 303 1059 sollicitus
326 997 360 1059 et
382 993 522 1059 sedulus.
546 1015 618 1058 oum
642 998 727 1059 esset
750 993 789 1058 de
810 997 923 1078 stupro
942 1016 1018 1059 uxo-

54 1083 101 1147 ris
130 1083 329 1167 appellatus,
356 1083 551 1148 admiratum
581 1085 707 1148 tantam
733 1082 896 1167 peregrini
920 1102 1018 1166 nego·

54 1172 186 1236 tiatoris
210 1170 392 1256 andaciam3
416 1193 491 1236 oum
514 1170 627 1236 deinde
650 1171 750 1235 etiam
772 1171 944 1255 repetitus,
968 1194 1019 1236 su·

57 1259 176 1343 spioari
203 1259 325 1345 aliquid
352 1260 452 1325 etiam
479 1259 518 1324 de
546 1280 646 1324 uxore
670 1259 828 1344 coepisse:
859 1262 1018 1344 quantum
1039 1275 1072 1326 10

56 1369 142 1412 nuno
174 1352 345 1437 appareat,
378 1370 455 1414 suaa
488 1352 625 1413 naturae
652 1348 762 1432 potins
792 1347 888 1434 vitio,
919 1371 1018 1433 quam

57 1436 155 1520 culpa
172 1437 292 1504 uxoris.
322 1459 396 1504 oum
414 1460 490 1503 vero
508 1437 607 1502 tertio
627 1459 753 1523 quoque
771 1437 910 1504 instaret
929 1436 1019 1504 adnl-

54 1529 119 1608 ter,
147 1548 212 1592 non
236 1527 382 1611 potuisse
405 1525 609 1592 dissimulare
634 1527 850 1611 suspicionem
874 1531 906 1593 et
929 1526 1014 1592 solli-

55 1614 230 1680 citudinem
262 1639 363 1682 suam.
409 1615 520 1700 itaque
544 1615 620 1699 quia
642 1618 773 1700 putarat
796 1616 918 1701 aliquid
942 1619 1017 1680 ante
1079 1670 1083 1678 .

57 1725 130 1769 oum
154 1725 214 1769 sua
237 1726 337 1770 uxore
360 1705 505 1770 looutnm
524 1704 707 1770 adulterum
725 1726 783 1788 per
803 1705 1018 1788 vestiplioam‚
1038 1718 1071 1768 15

56 1793 231 1858 advocasse
255 1793 348 1858 illam
371 1797 405 1859 et
428 1792 600 1877 quaesisse,
622 1814 702 1858 num
726 1792 849 1876 aliquid
868 1792 907 1857 de
927 1792 1017 1856 adnl-

53 1881 139 1946 terio
172 1881 279 1948 sciret.
336 1882 429 1948 illam
459 1881 678 1967 respondisse,
709 1882 913 1947 innocentem
946 1901 1017 1944 esse

56 1969 224 2034 dominam
252 1974 285 2036 et
313 1992 355 2036 ne
377 1973 491 2036 notam
515 1969 646 2055 quidem
668 1968 880 2053 negotiatori:
907 1968 1016 2033 ›deni-

58 2079 121 2140 que
140 2057 168 2122 si
186 2055 325 2144 dubitas,
343 2080 394 2125 me
413 2058 524 2125 uxoris
543 2060 618 2124 tuae
637 2057 752 2124 habitu
770 2058 877 2124 mitto:
895 2056 1017 2142 videro,

55 2168 98 2210 an
120 2146 225 2230 possit
247 2147 458 2215 disoomere‹.
1033 2163 1067 2212 20

429 2357 642 2427 ooonxlv.

255 2481 484 2552 conviciator
506 2501 641 2569 pauper
663 2482 814 2551 oooisus.

55 2607 185 2691 Pauper
210 2608 251 2674 ad
273 2608 384 2674 divitis
408 2609 540 2675 domum
562 2612 657 2675 noete
681 2605 856 2673 conviciari
879 2605 1015 2672 solebat.
1047 2676 1050 2681 ⁴

145 2697 285 2782 quodam
314 2699 461 2782 tempore
488 2699 578 2763 dives
606 2697 764 2782 prooessit
792 2699 837 2778 et,
870 2695 1015 2760 insanire

145 2808 217 2851 eum
247 2784 355 2851 dicens
362 2837 371 2869 ,
404 2786 514 2852 decem
538 2787 639 2852 servis
662 2785 849 2870 imperavit,
881 2786 918 2848 ut
942 2805 1015 2848 eum
1034 2802 1068 2851 aa

146 2875 277 2940 domum
306 2874 467 2941 ducerent.
513 2897 585 2941 oum
608 2874 712 2940 isdem
736 2873 860 2939 occisus
883 2877 1015 2957 postero

144 2965 195 3030 die
218 2965 369 3030 inventus
392 2969 462 3031 est·
482 2963 571 3030 dives
595 2963 702 3030 caedis
725 2984 799 3028 reus
823 2966 881 3029 est.

111 3146 127 3194 3
146 3141 190 3195 eat
207 3157 258 3197 om.
277 3144 297 3193 Β
311 3142 352 3210 118
366 3139 521 3195 admiratus
534 3144 566 3208 Δ,
585 3139 783 3206 admiratura,
802 3156 872 3194 corr.
887 3136 967 3206 Auru
982 3142 1015 3191 10
1142 3210 1145 3216 Ι

55 3209 164 3280 aliquid
182 3228 232 3266 om.
251 3216 272 3264 B
294 3214 305 3282 ΙΙ
328 3211 448 3281 oapissat
465 3216 485 3264 1²
507 3211 517 3280 i
540 3216 575 3265 14
593 3227 649 3281 qna
666 3215 707 3264 Aa
729 3212 739 3282 {t
762 3214 866 3265 18-19
886 3207 1014 3289 ponique,

53 3281 296 3408 Sississiffimi
318 3288 352 3338 18
370 3284 462 3339 totam
480 3286 501 3334 B
519 3283 530 3352 ῃ
549 3287 581 3337 19
605 3281 734 3338 habitum
751 3285 771 3334 Β
790 3283 799 3350 ΙΙ
817 3286 852 3336 27
871 3278 946 3333 dram
964 3282 988 3331 Δ
1005 3278 1014 3350 Η

597 3546 617 3587 0
