2386 3816
167 142 211 206 62
532 127 763 207 columniam

165 306 281 391 animi,
312 310 350 370 nt
380 305 443 370 hae
471 303 671 370 excusandus
700 304 752 368 sit.
798 304 938 368 alterum
964 301 1048 368 illud
1068 308 1134 386 est,

167 395 265 480 quod,
294 394 322 459 si
350 393 570 459 defensionem
598 393 685 459 ultra
712 391 930 458 excusationis
952 391 1143 457 terminum·

166 483 374 569 proferimus,
405 482 584 548 laudandus
613 486 665 547 est
691 482 889 548 adulescens.
940 483 1135 568 arroganter

167 577 275 638 autem
298 572 397 638 faciet
419 576 453 637 et
476 571 609 656 tumide,
631 571 660 637 si
681 571 826 655 coeperit
847 592 881 635 se
899 570 969 655 ipse
983 569 1133 636 laudare:

86 716 93 723 .
131 677 147 727 c
165 662 358 747 praesertim
380 661 560 728 iactaturus
584 661 630 744 id,
653 660 739 746 quod
762 659 868 726 facere
890 659 998 745 possit
1020 680 1041 723 a
1064 658 1133 724 for·

166 757 246 816 tuna
265 773 344 817 esse.
368 750 516 816 dabimus
536 770 613 835 ergo
632 749 693 835 illi,
715 749 767 815 his
786 748 903 835 causis,
925 747 1133 815 advocatum.

478 893 814 1011 unsaramma

232 1069 309 1135 Non
326 1092 457 1136 necesse
477 1075 547 1136 erat
566 1070 656 1156 mihi,
679 1070 812 1155 iudices,
830 1069 869 1134 de
888 1069 967 1134 facti
985 1069 1133 1155 huiusce,

167 1159 252 1245 quod
267 1160 301 1224 in
315 1160 436 1225 crimen
453 1163 597 1242 vocatur,
620 1159 746 1224 ratione
767 1159 932 1225 disserere.
963 1159 1031 1225 scio
1053 1159 1132 1244 quid

114 1263 147 1313 10
166 1249 322 1314 advocato
338 1249 417 1313 satis
433 1249 484 1315 sit
508 1247 691 1314 sufficiebat
704 1249 766 1314 hoo
780 1248 895 1331 solum,
911 1247 938 1312 si
954 1247 1132 1313 eximerem

166 1337 234 1421 legi
248 1358 352 1401 reum:
368 1341 401 1402 et
414 1341 522 1403 cetera
535 1337 617 1402 fiant
630 1336 770 1403 fortasse
789 1359 848 1423 pro
862 1336 1030 1423 dignitate,
1048 1337 1132 1404 fiant

165 1448 224 1510 pro
244 1425 450 1509 conscientia,
467 1448 527 1513 pro
546 1426 655 1492 laude:
674 1426 714 1491 ad
733 1448 790 1492 vos
808 1426 842 1492 id
856 1427 1130 1512 nnum'pertinet,

166 1537 208 1580 an
223 1515 303 1599 lege,
327 1537 391 1600 qua
405 1515 612 1602 cognoscitis,
632 1514 797 1601 obligatus
813 1517 865 1598 sit,
879 1515 934 1600 qui
949 1520 1130 1584 accusatur.

165 1624 247 1689 quae
275 1624 325 1668 res
352 1604 459 1686 vobis,
492 1627 556 1690 quo
584 1605 725 1671 atrocior
753 1609 815 1689 est,
846 1604 908 1671 hoo
938 1604 1130 1691 diligentius

112 1708 146 1757 15
165 1692 319 1757 intuenda
351 1698 409 1759 est.
456 1694 500 1758 sit
514 1694 697 1760 tolerabile
724 1693 866 1760 formula
893 1715 1002 1759 errare
1030 1699 1065 1760 et
1094 1696 1130 1761 in

164 1781 323 1866 petitione
355 1784 510 1867 pecuniae
541 1804 607 1849 non
634 1783 682 1848 uti
710 1783 779 1848 iur'e
797 1792 977 1849 ·conces‘so:
1010 1782 1130 1870 aliquis

163 1875 262 1955 caput
275 1870 418 1937 hominis
432 1873 710 1958 perperam-petit,
719 1876 911 1954 -ut'terreat,
925 1876 970 1938 ut·
979 1871 1129 1939 occidat?

163 1959 223 2025 Rei
247 1960 396 2044 publicae
419 1962 525 2027 laesae
549 1960 708 2046 quaedam
720 1966 813 2045 sant,
825 1962 965 2041 iudices,
986 1961 1128 2047 adquo

163 2070 235 2113 rum
268 2051 566 2132 pronuntiationem
599 2050 685 2116 oculi
708 2051 888 2133 sufficiant.
932 2051 1023 2116 satis
1043 2055 1130 2118 ¹erat

110 2151 144 2202 20
164 2137 346 2201 accusatori
378 2139 559 2223 ostendere,
591 2139 619 2205 si
649 2139 730 2223 quid
756 2138 810 2206 hic
838 2140 981 2206 laeserit:
1014 2141 1129 2226 aliqua

162 2225 367 2310 publicorum
403 2242 538 2311 operum
572 2228 714 2312 incensa,
747 2242 859 2296 eversa
890 2229 944 2295 vel
973 2235 1128 2316 corrupta

162 2315 306 2399 navalia,
331 2336 425 2381 arma
447 2316 559 2382 usibus
583 2317 662 2382 belli
682 2322 810 2404 erepta3
841 2318 963 2403 aliquid
987 2319 1127 2404 denique

162 2425 282 2485 eorum,
301 2424 383 2491 quae
403 2405 533 2490 publice
556 2406 769 2492 possidemus,
792 2407 845 2493 (ea
868 2411 945 2473 suut
967 2409 1127 2474 enimrei

161 2493 326 2578 publicae)
344 2494 601 2560 deterius-huius
619 2495 733 2562 fraude
749 2499 847 2582 atque
861 2497 980 2563 iniuria
993 2497 1126 2565 factum.

109 2597 142 2645 ao
163 2580 280 2647 Cetera
303 2583 426 2649 habent
449 2604 524 2650 suas
548 2585 650 2669 leges,
674 2606 734 2650 sua
756 2587 843 2669 iura,
870 2608 946 2652 suas
970 2588 1127 2654 actiones.

161 2672 189 2735 si
206 2669 276 2750 hos,
299 2693 380 2756 quos
399 2674 560 2757 recepisse
578 2674 705 2758 dieitur,
728 2675 907 2760 occidisset,
925 2696 991 2742 non
1010 2680 1125 2742 tamen

159 2760 208 2824 rei
230 2760 378 2844 publicae
401 2763 509 2828 laesae
532 2763 601 2829 iure
617 2763 722 2829 teneri
741 2764 911 2830 videretur.
935 2765 1002 2830 sint
1020 2766 1124 2852 igitur

232 2935 362 2992 1*anim0
380 2941 428 2997 ΑΒ
464 2938 517 2993 hec
534 2942 564 3004 B,
582 2937 629 2992 hic
647 2944 689 2991 cl’
702 2939 742 3008 114
761 2940 784 2995 si
794 2956 824 2994 se
833 2941 959 3011 coeperit
967 2940 1028 3012 ipse
1046 2945 1123 3012 But

158 3004 187 3059 id
207 3007 296 3078 quod]
315 3007 392 3077 quod
409 3008 440 3062 id
457 3010 538 3064 malit
555 3009 600 3065 Ro
612 3011 652 3079 t9
671 3011 747 3092 quod
765 3013 811 3081 At!
826 3017 857 3066 11
879 3015 907 3068 et
926 3012 950 3067 si
969 3016 1064 3140 030000
1078 3015 1124 3087 ‘t

160 3082 192 3130 12
212 3095 248 3132 an
267 3077 331 3148 gele
350 3083 398 3145 Aa,
417 3097 453 3134 an
471 3080 529 3150 legi
547 3083 640 3149 31114
658 3099 701 3136 v1s
720 3086 751 3150 Δ,
770 3099 820 3139 om.
840 3088 869 3153 B,
889 3100 958 3140 corr.
975 3093 978 3101 ’
999 3086 1031 3140 ch
1044 3088 1055 3155 fl
1069 3087 1123 3158 ‘tt

158 3152 202 3214 (=
219 3150 262 3215 est
279 3149 336 3217 vel)
355 3151 409 3205 hoc
429 3154 453 3202 Δ
473 3154 484 3219 fl
510 3157 542 3206 15
562 3152 654 3207 situl.
674 3157 771 3209 310
790 3170 882 3211 nonne
900 3153 960 3210 iure
978 3160 1008 3225 B,
1027 3160 1121 3214 nonne

156 3225 260 3274 verer
282 3222 291 3290 J}
313 3225 349 3274 20
374 3222 561 3278 acc-hostem
579 3223 662 3298 edere
681 3237 765 3295 quam
783 3227 868 3282 hicn
894 3229 904 3297 11
932 3232 965 3282 21
984 3228 1121 3299 inpensae

156 3306 238 3346 versa
256 3296 292 3360 Δ,
309 3291 436 3363 impense
454 3312 479 3350 v.
498 3298 533 3364 B,
552 3310 621 3352 corr.
640 3296 677 3351 Pi
699 3298 709 3365 ΙΙ
732 3302 767 3351 24
786 3298 864 3354 facta
882 3302 938 3364 AB,
967 3315 1036 3356 corr.
1056 3299 1098 3357 Gr
1110 3301 1121 3373 Η

156 3368 190 3417 20
210 3365 303 3419 cetera
320 3362 348 3420 h.
368 3383 387 3419 s.
407 3365 426 3419 l.
446 3383 467 3421 s.
486 3364 549 3421 iura
567 3382 616 3423 om.
636 3372 677 3421 Aa
702 3370 712 3437 ΙΙ
740 3375 774 3425 20
793 3370 846 3426 hoc
865 3375 905 3424 Aa
932 3372 942 3440 J}
969 3377 1004 3426 27
1022 3372 1120 3428 tenere

155 3434 285 3490 rideatur
303 3440 343 3488 Aa
354 3437 367 3505 J)
380 3440 446 3493 sunt
463 3441 484 3490 B
