2386 3816
135 124 194 191 ,68
520 122 752 192 QUINTILIANI

151 290 255 355 malos
279 293 389 375 patres
412 288 610 373 putavimus.
648 287 735 373 quod
758 287 888 372 quidem
912 285 1114 352 animadver-

151 377 236 443 sioni
266 381 318 442 sat
341 383 404 457 est,
435 377 582 460 pendunt
603 397 726 461 poenas
749 396 970 462 magnumque
993 374 1116 461 suppli·

151 465 236 530 cium
265 467 377 531 miseri
399 466 503 533 luunt.
541 488 582 533 an
606 487 664 532 vos
686 466 722 530 in
744 465 807 531 hoc
830 465 960 531 demum
983 463 1116 541 creditis

152 555 358 639 <expletam>
379 561 549 639 paternam
569 555 889 637 animadversionem,
913 555 941 619 si
961 553 1116 636 esuriant,

117 644 181 714 osi
203 644 315 728 inopia
337 645 483 710 omnium
505 644 657 710 deficiant
680 648 778 728 atque
800 642 993 709 tabescant?
1032 642 1116 708 illud

151 755 266 817 pamm
286 737 345 816 est,
366 734 476 800 notari
494 733 651 799 infamia?
673 731 756 797 illud
774 754 891 818 parum
910 735 971 817 est,
988 732 1116 798 exulem

152 843 223 886 esse
246 822 360 888 domus
385 844 470 906 suae,
498 823 605 888 larum
630 821 786 888 suorum?
808 842 894 888 nunc
913 843 972 888 vos
990 821 1117 905 putatia

151 932 222 976 esse
249 911 377 977 felicem
408 933 603 998 quemquam
629 911 746 977 horum
774 914 832 977 aut
859 909 1021 975 hilarem?
1064 932 1117 976 ex·

149 999 295 1083 periatur
323 999 442 1085 aliquis
470 1005 503 1065 et
529 1004 667 1066 revocet.
711 1000 757 1065 ut
783 1000 865 1066 haec
892 998 1038 1084 quidem,
1069 999 1117 1064 iu·

99 1111 132 1160 10
150 1089 246 1173 dices,
270 1087 358 1154 duris
383 1093 481 1175 atque
507 1090 631 1175 asperis
649 1089 809 1174 patribus,
830 1088 891 1154 illa
908 1087 1118 1155 collaribus:

150 1177 309 1262 asperari,
339 1178 445 1263 inquit
468 1179 665 1266 adulescens,
694 1179 839 1264 aliquam
861 1178 990 1262 inpetus
1013 1177 1117 1243 vestri

149 1266 395 1350 paenitentiam.
439 1268 560 1333 credidi
586 1267 746 1351 futurum,
776 1265 1015 1352 utaliquando
1049 1287 1118 1333 suc·

151 1359 317 1420 currerent
352 1355 447 1421 initia
482 1357 654 1436 infantiae,
691 1355 914 1422 blandimenta
946 1356 1116 1441 pueritiae.

150 1444 313 1508 reservavi
340 1443 425 1509 filios
452 1445 578 1511 iudiciis
606 1446 723 1511 vestris
747 1449 789 1529 et,
817 1445 999 1531 siquando
1023 1446 1116 1530 igno·

100 1553 132 1601 15
152 1531 297 1617 seeretis,
324 1533 359 1596 in
389 1533 516 1620 integro
538 1534 649 1600 habui.
693 1557 767 1620 vos,
782 1535 977 1601 *aestimatis
999 1537 1116 1619 ceusu,

150 1625 285 1705 propter
308 1643 387 1706 quas
411 1624 597 1708 expulistis,
621 1625 650 1688 si
673 1623 890 1707 crede[re]tis:
914 1624 1018 1690 »satis
1042 1646 1116 1708 poe

150 1731 267 1775 narum
284 1711 477 1778 dederunt«
500 1732 562 1797 ego
580 1712 661 1778 illud
679 1717 820 1798 praesto,
842 1712 924 1778 illud
943 1714 1116 1797 promitto:

151 1799 256 1864 »nihil
278 1804 393 1886 postea
415 1803 558 1886 turpiter
579 1802 752 1868 fecerunt«

217 1887 268 1954 Ne
299 1897 411 1956 tamen
440 1891 576 1956 nimium
603 1892 724 1956 iactare
752 1894 849 1975 atque
880 1889 1042 1974 imputare
1070 1891 1116 1956 vi·

99 1976 279 2062 audeatur,
306 1979 401 2044 illum
434 2002 561 2065 quoque
594 1979 834 2046 misericordiae
862 2000 939 2044 suae
969 1979 1115 2046 ordinem

154 2067 389 2132 confitebimur.
430 2090 540 2151 sunus,
569 2069 689 2153 inquit,
715 2068 780 2134 fuit
801 2069 922 2153 primo,
949 2069 1006 2153 qui
1030 2070 1116 2136 solli·

153 2155 271 2220 citaret
292 2154 377 2221 hanc
399 2157 535 2221 nimiam
557 2157 799 2242 liberalitatem,
824 2157 968 2242 aequalis
993 2158 1116 2245 alioqui

153 2246 187 2307 et
214 2244 249 2308 in
272 2244 387 2310 studiis
411 2266 519 2311 comes
543 2250 575 2311 et
597 2247 632 2312 in
655 2246 790 2313 lusibus.
832 2247 886 2312 bio
907 2247 987 2312 fecit
1010 2270 1116 2314 exem·

153 2333 257 2417 plum:
281 2356 378 2399 ausus
403 2339 453 2400 est
475 2355 593 2419 rogare
616 2336 795 2421 proximus,
825 2357 885 2402 nec
908 2336 1012 2402 adbuc
1034 2335 1115 2403 illud

99 2440 134 2489 25
155 2444 325 2488 onerosum
358 2423 552 2508 patrimonio
585 2425 765 2491 videbatur.
818 2424 894 2490 inde
925 2424 1034 2492 factus
1067 2431 1116 2492 est

152 2512 244 2597 ord03
273 2517 306 2578 et
334 2513 400 2577 iam
423 2514 530 2600 legem
553 2515 635 2579 mihi
657 2513 770 2580 videor
792 2514 911 2579 dixisse
935 2515 1116 2581 misericor·

151 2601 232 2665 diae.
279 2602 330 2667 cui
352 2603 664 2687 negarem?'omnea
688 2603 774 2668 idem
797 2603 973 2689 rogabant,
1002 2626 1114 2671 omnes

151 2689 236 2754 idem
265 2692 477 2776 excusabant,
505 2714 616 2758 omnes
644 2691 731 2757 idem
761 2692 1007 2778 pollicebantur.
1054 2715 1115 2781 ego

151 2800 243 2862 vero,
270 2779 390 2865 inquit,
414 2781 567 2864 quamdiu
590 2781 689 2847 fuerit
710 2782 772 2848 hoc
795 2782 1044 2868 patrimonium,
1068 2784 1115 2849 sic

224 2996 239 3044 1
259 2988 508 3046 animadversionis
527 2991 607 3046 adest
624 2996 644 3046 B
663 2994 673 3062 ΙΙ
691 2998 708 3046 4
728 2991 924 3067 *<expletam>
938 2995 947 3064 ll
962 2999 978 3049 t
995 2993 1068 3050 illud
1086 3015 1114 3067 p.

151 3077 175 3115 e.
194 3079 222 3115 n.
241 3059 358 3115 infamia
376 3077 425 3117 cm.
443 3063 487 3131 ΒΙΙ
502 3069 518 3117 6
536 3079 655 3133 parvum
672 3068 694 3117 B
711 3065 751 3135 lle
771 3068 800 3120 et
817 3081 867 3119 om.
882 3069 903 3117 B
917 3068 926 3136 ll
942 3071 976 3120 10
994 3065 1115 3122 meliora

151 3136 208 3199 Aa,
228 3148 297 3187 corr.
317 3131 383 3199 aaa,
411 3132 541 3189 molliora
559 3141 656 3191 auctor
674 3137 769 3192 iacert.
789 3153 834 3206 ap.
854 3136 912 3192 Aer
933 3139 942 3207 ΙΙ
967 3144 1001 3192 14
1020 3139 1045 3193 si
1063 3139 1114 3194 ali-

150 3201 328 3329 ruuu
340 3206 710 3360 lucramur
722 3210 781 3334 u
795 3207 1042 3350 curura
1055 3213 1064 3281 ¹·
1078 3215 1113 3336 o

149 3343 319 3473 iimoobiuni
332 3351 395 3417 ΑΒ,
413 3363 481 3403 corr.
501 3348 558 3404 Aer
581 3351 590 3420 ΙΙ
613 3355 646 3405 26
665 3297 817 3407 m1oordibe
835 3356 858 3404 Δ
876 3353 885 3421 ΙΙ
904 3357 937 3408 27
957 3369 1054 3423 omnes
1062 3301 1111 3410 1id.

150 3435 210 3489 rg.
273 3460 279 3472 .
