2386 3816
439 193 654 252 PRAEFATIO.
965 198 1029 253 XIX

62 341 189 416 mensis3
210 386 218 402 .
233 387 241 402 .
259 342 402 405 Tertius.
417 389 423 403 .
438 343 527 403 litera
541 348 606 404 erat
621 345 725 406 eadem
740 364 798 422 qua
812 366 906 409 meus.
940 348 1029 409 Prae·

64 443 151 499 terea
164 459 237 500 vero
256 458 354 516 neque
372 441 564 501 librariorum
582 461 679 519 neque
698 442 853 504 doctorum
867 445 1028 521 hominum,

62 539 117 614 qui
139 557 219 598 nunc
247 539 359 598 Romae
387 541 471 616 sunt,
497 540 655 616 respondit
681 541 839 616 quisquam
867 542 924 600 sibi
951 544 1030 603 hunc

65 637 178 696 librum
192 639 263 696 ante
278 637 373 696 fuisse
386 639 540 714 cognitum
555 683 561 696 .
576 683 584 697 .
604 685 610 698 .
640 638 709 697 Non
723 657 794 714 ergo
813 657 860 698 me
874 641 1028 701 retardare

62 736 184 792 tantum
217 735 330 809 potuit,
367 736 505 811 antiquos
541 734 634 795 libros
671 734 751 811 quod
785 754 845 796 non
878 737 1028 816 haberem,

62 833 212 906 quantum
234 831 373 905 incitare,
400 851 439 892 ne
461 833 621 909 aliquando
644 833 831 910 paucissimi,
859 835 911 909 qui
930 839 1026 894 exsta·

63 933 145 1006 rent,
178 927 406 988 amitterentur“
434 922 527 1009 etc.*)
581 929 728 1006 Equidem
756 931 829 990 mihi
851 950 1028 1006 persuasum

64 1031 124 1104 est,
152 1025 318 1086 Corradum
345 1027 437 1085 nullis
464 1046 553 1086 usum
577 1046 642 1087 esse
669 1028 754 1087 libris
782 1047 856 1106 mss,
886 1048 960 1105 quos
983 1031 1027 1090 vi-

63 1124 152 1183 detur
183 1123 359 1200 intellegere
393 1123 430 1182 de
458 1125 588 1199 antiquis
620 1124 753 1199 loquens.
798 1125 878 1185 Novi
909 1129 1028 1186 tantum

62 1225 184 1296 praesto
209 1221 237 1280 ei
264 1223 335 1280 sunt
362 1224 438 1297 tres,
467 1240 595 1297 quorum
623 1222 695 1298 duo,
723 1241 789 1281 eum
812 1222 917 1282 eadem
939 1224 1028 1282 litera

62 1319 156 1377 fuisse
180 1318 335 1392 dicentur,
360 1318 494 1378 eiusdem
517 1318 657 1379 editionis
678 1318 820 1379 videntur
838 1321 1027 1396 exemplaria,

63 1416 295 1476 Mediolanensis
318 1412 437 1491 opinor,
464 1425 541 1492 quae
568 1411 636 1492 ipsa
656 1417 742 1477 nulla
765 1417 825 1477 alia
848 1422 907 1494 est,
937 1438 1026 1494 quam

64 1515 196 1590 repetita
219 1512 400 1574 Parmensis.

128 1611 215 1670 Licet
231 1629 302 1671 vero
316 1610 429 1670 fuerint
442 1610 504 1687 ille,
519 1630 607 1687 quem
621 1630 707 1671 suum
723 1612 794 1672 dicit
809 1609 930 1686 (missus
946 1613 1024 1672 Nea-

62 1701 138 1787 poli)
158 1711 190 1766 et
207 1709 286 1767 alter
304 1708 473 1768 simillimus
493 1708 521 1766 ei
538 1708 615 1768 liber
633 1728 692 1770 non
710 1710 793 1786 typis
813 1709 953 1785 impressi
974 1711 1026 1770 sed

63 1823 153 1864 manu
168 1805 281 1881 scripti,
294 1807 438 1865 momenti
451 1808 553 1866 tamen
567 1807 886 1881 „contaminatissimae
901 1807 1027 1882 scriptu·

64 1901 133 1962 rae“
144 1920 248 1962 eorum
261 1921 321 1961 non
335 1903 465 1962 multum
473 1904 632 1963 tribuerim
641 1906 672 1962 et
681 1903 769 1963 facile
784 1903 1025 1982 existimaverim,

63 1999 156 2059 fuisse
178 2017 239 2058 non
261 1999 336 2058 alios
361 2009 450 2076 qua‘m
473 2000 549 2058 Bet
571 2001 591 2060 b
614 2001 721 2075 libros,
744 2018 872 2076 quorum
896 2001 1025 2060 alterum

63 2097 225 2171 habemus,
249 2097 378 2155 alterum
400 2115 461 2157 non
483 2096 696 2157 desideramus.

130 2195 302 2254 diditionem
320 2180 569 2270 declamationum
587 2213 683 2271 neque
702 2195 872 2255 Sebastiani
889 2195 1026 2272 Gryphii,

64 2293 112 2352 cui
143 2291 348 2352 destinaverat
380 2290 529 2352 Corradus
562 2293 765 2353 recensionem
798 2311 895 2369 suam,
932 2293 1026 2351 trium

64 2390 186 2449 illorum
208 2389 354 2448 librorum
378 2407 434 2465 ope
462 2391 668 2469 constitutam,
696 2391 814 2450 invenio
839 2409 918 2463 eam,
947 2408 1024 2465 quae

63 2485 137 2546 haec
159 2489 264 2547 nostra
291 2479 454 2566 (minores
478 2480 578 2567 decll)
602 2489 751 2546 contineat
756 2479 820 2568 ,**)
842 2505 938 2563 neque
961 2487 1025 2545 Hu-

135 2618 162 2688 ‘)
181 2618 312 2674 Proxima
331 2636 443 2688 quoque
461 2620 548 2674 verba
566 2619 653 2701 digna
670 2637 743 2702 quae
756 2620 803 2673 hic
818 2620 1023 2703 exscribanturz

64 2689 155 2758 „Mira
175 2690 250 2744 enim
263 2690 414 2760 paucitas
406 2689 541 2778 initalia,
559 2693 589 2745 et
602 2690 745 2746 silentium
759 2691 793 2745 de
808 2691 875 2745 his
867 2709 896 2745 ιιι
911 2691 1024 2772 seriptis

64 2733 211 2817 doctorum
229 2760 383 2816 hominum.
417 2760 509 2816 Semel
527 2757 668 2833 ὑπόθεσιν
682 2763 868 2845 Hieronymus
886 2761 1023 2831 protulit“

64 2833 109 2896 (cf.
133 2829 245 2912 quintil.
269 2831 674 2902 De011.p.acesq.),‚nescio
697 2851 735 2889 an
762 2833 865 2900 exiis,
894 2849 964 2902 quas
988 2833 1025 2888 ad

65 2901 160 2958 ccnn
181 2900 322 2958 interiisse
341 2903 531 2972 cognovimus.
568 2905 684 2958 Petrum
707 2905 867 2959 nostrorum
890 2905 1026 2960 memoria

64 2973 181 3028 lacobus
211 2972 359 3028 Sadoletus
384 2976 451 3057 (nat
478 2981 559 3041 1477,
583 2979 601 3042 †
627 2978 706 3043 1547)
729 2991 762 3030 ac
786 2975 821 3028 de
844 2974 1025 3044 transalpinis

63 3043 224 3099 hominibus
248 3043 317 3098 Rud.
336 3044 480 3128 Agricola
494 3049 523 3101 et
546 3044 689 3101 Cornelius
713 3046 840 3172 Agrippa
865 3049 933 3116 (nat.
954 3050 1024 3100 1485

64 3116 171 3183 ‘scires
188 3130 252 3169 ann.
273 3118 353 3184 1535)
373 3114 527 3184 respexisse
546 3117 582 3169 ad
600 3120 746 3185 argument
748 3134 765 3171 a
779 3134 813 3170 ex
825 3117 870 3171 his
885 3115 1025 3171 cxxle

66 3185 135 3240 mihi
150 3184 308 3241 videntum
323 3216 357 3228 -
376 3187 531 3242 Sadoletie
533 3186 700 3258 tAgrippae
719 3188 795 3242 locos
814 3188 850 3242 ad
868 3203 938 3256 quos
953 3188 1023 3242 haec

65 3255 221 3326 spectant
212 3257 337 3312 invenire
351 3256 423 3311 mihi
437 3275 494 3313 non
508 3259 634 3340 contigit.

117 3327 160 3397 **)
180 3327 309 3382 Ceterum
329 3326 507 3397 Gryphianus
530 3329 709 3399 posteriores,
732 3328 798 3383 inde
823 3345 840 3382 a
864 3345 939 3384 nona
958 3327 1023 3382 anni

67 3404 134 3454 1555
157 3398 228 3452 mihi
250 3415 306 3452 non
328 3399 402 3454 inter
420 3417 519 3454 manus
537 3399 664 3471 fuerunt,
686 3399 737 3457 sed
755 3417 791 3457 ex
808 3397 951 3471 catalogis
965 3401 1034 3454 tan

65 3472 123 3524 tum
140 3471 224 3523 notae
239 3471 310 3524 sunt.

847 3567 893 3625 'nit
