2386 3816
365 166 685 224 DECLAMATIONES.
713 167 841 223 coovn.
1012 168 1076 234 207

110 352 173 416 per
194 334 359 396 tormenta
380 331 490 415 potius
514 334 731 416 quaereretur.
765 332 821 396 sed
822 336 1005 484 tquatenus
1023 355 1076 398 ne·

112 419 219 505 quitis
242 420 355 486 obviat
340 425 411 486 tum
436 423 486 487 est
504 421 579 505 legi,
601 421 764 505 reliquum
788 423 846 506 est,
868 426 905 486 ut
927 420 981 486 hio
1001 443 1077 486 reus

112 509 251 574 sitae
277 508 420 612 primum
453 510 598 574 omnium
627 529 731 611 nego
746 509 818 574 fieri
848 510 1061 596 potuisse,u
1040 514 1077 576 ut

111 598 265 683 proditor
288 599 436 664 conscios
458 621 525 663 non
544 598 689 664 haberet.
721 597 892 663 intuemini
915 603 1077 684 naturam,

110 688 287 753 intuemini
305 688 562 774 magnitudinem
582 688 721 753 sceleris
755 686 891 772 prodere
909 689 1110 772 populum‚5

111 777 294 861 civitatem,
322 777 511 862 exercitum,
538 798 605 843 non
629 780 679 842 est
701 777 805 842 unius.
851 776 887 840 in
908 776 972 841 hoo
995 776 1076 841 mihi

112 888 181 932 non
205 870 255 931 eet
271 866 496 932 laborandum.
530 888 608 932 nam
625 866 687 950 lex,
711 887 792 950 quae
811 867 956 950 torqueri
974 865 1075 949 iubet,

111 956 217 1021 donee
245 957 391 1022 oonseios
414 956 548 1040 indicet,
575 976 641 1020 non
665 955 965 1021 dubitatoonsoios
996 975 1076 1020 esse.

110 1044 196 1110 vidit
219 1045 315 1125 enim,
339 1048 464 1129 quanta
487 1048 573 1111 esset
592 1045 680 1109 inter
699 1066 734 1110 se
753 1043 990 1129 quodammodo
1011 1065 1075 1109 soe·

110 1134 290 1200 leratorum
313 1133 403 1218 fides,
431 1133 583 1219 quamdiu
605 1136 760 1199 tacerent.
807 1133 918 1218 itaque
940 1155 1007 1199 non
1029 1133 1076 1198 sie
1096 1149 1129 1198 ιο

111 1223 271 1308 seriptum
305 1226 355 1290 est
390 1222 596 1307 »proditor
627 1225 852 1307 torqueatur«,
886 1223 942 1287 sed
974 1227 1076 1288 »tor-

110 1316 279 1397 queatur
311 1312 431 1378 donee
468 1311 646 1378 conscios
680 1311 864 1377 indicate:
898 1312 978 1378 adeo
1011 1312 1077 1397 ille,

111 1402 169 1486 qui
200 1402 345 1467 nondum
377 1401 548 1486 indicavit,
580 1400 685 1467 adhue
717 1423 785 1466 non
813 1403 864 1465 est
889 1422 948 1485 pro
979 1404 1077 1467 torto.

110 1511 191 1576 ergo
219 1493 256 1556 ut
280 1491 458 1558 maioribus
481 1491 603 1556 nostris
627 1489 731 1555 visum
756 1494 819 1574 est,
849 1491 904 1572 [si]
930 1492 1076 1557 conscios

111 1580 240 1646 habuit.
1095 1595 1128 1645 15

179 1668 372 1754 Videamus,
400 1691 482 1754 quos
508 1668 668 1739 habuerit.
714 1669 842 1733 nullum
868 1667 992 1731 factum
1023 1668 1075 1731 de·

110 1758 237 1843 prendi,
263 1759 390 1824 nullum
414 1758 630 1824 eonscientiae
654 1758 784 1842 signum
808 1760 969 1841 putemus,
992 1778 1077 1821 mor-

110 1852 205 1913 tuum
226 1869 306 1931 esse,
338 1851 513 1932 antequam
531 1850 753 1932 torqueretur:
772 1867 975 1930 quaeramus,
995 1865 1076 1928 quos

111 1938 260 2003 eonseios
291 1936 452 2003 habuerit.
497 1957 605 2002 nonne
632 1936 712 2009 illud
740 1955 841 2020 genus
874 1932 1076 2018 quaestionis

109 2025 375 2111 praecipiendum
406 2030 472 2110 est,
506 2047 602 2111 quem
629 2024 782 2089 habuerit
811 2020 973 2089 amicum?
1009 2044 1075 2087 non
1093 2032 1138 2089 ιιι

110 2120 235 2181 temere
275 2116 373 2181 debet
403 2115 565 2180 indicasse
601 2117 675 2180 tant
676 2135 713 2178 ae
750 2114 798 2178 rei
834 2111 1075 2179 conscientiam.

109 2204 228 2307 Longa
247 2205 468 2291 eonsuetudo,
495 2208 588 2269 vetus
620 2203 731 2269 amicit
732 2203 765 2268 ιι
716 2203 879 2289 tfaoit,
905 2205 944 2269 t
965 2201 1076 2268 vemat

114 2294 188 2380 quis
208 2293 241 2358 in
257 2293 389 2360 sceleris
406 2294 604 2360 societatem.
628 2293 769 2359 amioum
782 2292 885 2377 igitur
897 2290 1075 2377 proditoris

113 2387 147 2448 te
171 2382 272 2449 finsse
294 2383 452 2469 negas?
442 2405 508 2449 ram
528 2383 607 2448 site
625 2383 880 2467 interrogavero,
904 2401 1002 2465 quare
1022 2378 1073 2443 de-

113 2473 200 2538 deris
223 2493 395 2558 venenum,
417 2472 629 2558 respondebis
647 2474 831 2558 „tormenta
795 2470 945 2535 tatertio
964 2467 1073 2533 videre
1093 2483 1128 2533 25

111 2583 180 2626 non
201 2568 365 2646 poteram:
388 2583 479 2628 meos
503 2565 603 2645 artus,
625 2583 699 2626 mea
720 2560 857 2625 lacerari
875 2557 999 2623 viscera
1016 2578 1074 2641 pu-

111 2650 253 2716 tabam“.
296 2651 404 2736 iungit
432 2651 517 2716 enim
546 2649 708 2716 amicitias
733 2648 911 2714 similitudo
935 2668 1075 2711 morum:

111 2740 223 2806 neseio
251 2740 452 2825 quomodo
441 2744 527 2805 mter
556 2761 627 2806 sese
657 2739 840 2804 animorum
866 2736 1002 2801 numina
1029 2735 1075 2800 ιι-

114 2829 193 2895 dent
217 2832 250 2894 et
272 2833 466 2915 agnoscunt3
495 2850 555 2894 neo
583 2829 756 2914 quisquam
783 2848 892 2893 amare
915 2826 950 2890 in
973 2826 1075 2891 altero

185 3040 376 3111 lnequitiam
394 3046 445 3094 ΑΒ
469 3043 478 3112 l}
501 3046 517 3097 2
537 3040 651 3097 obviam
669 3042 714 3095 est
731 3043 784 3107 ³⁸3
811 3038 923 3094 obviam
941 3037 1014 3092 itum
1032 3038 1076 3091 est
1168 3049 1173 3058 ·

108 3113 159 3169 Bu
177 3114 186 3183 ΙΙ
206 3120 226 3168 ‘1
240 3129 314 3168 nuno
332 3114 413 3168 estl.
433 3118 469 3182 Δ,
493 3129 549 3169 uon
567 3129 602 3168 ne
621 3111 702 3167 estl
720 3113 771 3194 leq!
791 3116 823 3164 11
843 3111 891 3166 sed
910 3110 1076 3177 torqueatur

110 3201 162 3240 om.
181 3186 274 3256 31112
294 3185 380 3240 doceo
398 3156 492 3290 llll}
510 3182 664 3241 melotibus
683 3183 769 3252 Allsr
787 3187 851 3251 ΔΒ,
870 3180 1011 3247 isteteSob,
1030 3196 1076 3234 ex-

111 3257 178 3312 odus.
197 3256 242 3312 Ro
260 3262 285 3312 et
304 3257 358 3326 1e·;
376 3273 415 3312 ou
452 3273 544 3312 ursum
563 3258 607 3311 est
646 3253 774 3311 conscios
792 3225 920 3327 habuit).
940 3250 965 3306 si
984 3266 1075 3307 conse

111 3333 160 3384 eto.
179 3327 216 3398 (?)
235 3331 245 3399 ΙΙ
265 3334 297 3384 16
316 3299 473 3384 iudicamus
492 3333 512 3380 P
530 3329 539 3398 ΙΙ
557 3329 642 3399 depre
663 3326 730 3409 endi
747 3331 768 3380 B
770 3328 796 3410 ΙΙ
811 3331 844 3381 26
864 3325 957 3380 aratus
976 3324 1078 3390 B-Pfl

111 3404 146 3455 28
165 3417 232 3456 non
253 3416 355 3470 posse
377 3400 505 3456 amieos
529 3417 603 3455 esse
625 3398 695 3455 nisi
719 3398 778 3469 qui
797 3395 929 3451 similes
948 3395 1081 3450 habent

111 3488 222 3528 mores
241 3478 267 3526 et
286 3478 318 3526 Ν
336 3472 512 3543 Alnomina
531 3477 585 3544 Aa,
604 3472 716 3530 lumina
736 3470 868 3545 Obrb‘tb
884 3485 926 3525 ne
946 3473 972 3521 b
