2386 3816
343 165 664 226 DEOLAMATIONES.
683 167 848 226 ccxcvlss.
1013 168 1079 234 175

112 330 173 416 qui
199 331 351 416 patiaris,
383 331 469 418 quod
500 331 561 398 uis.
610 330 700 399 Haec
727 332 881 414 dicerem,
913 332 941 396 si
968 335 1076 398 tecum

113 420 263 504 asperius
282 421 524 486 contenderem:
541 442 628 487 nunc
646 425 721 486 ante
740 421 850 487 omnia
865 421 1076 506 reipublicae

113 511 278 592 causa[m]
300 511 409 576 tecum
433 529 505 596 ago.
551 531 689 596 aequum
713 513 772 594 est,
794 511 902 577 solvus
926 530 996 576 esse
1013 509 1074 576 hos

112 597 229 664 oculos
248 602 282 664 et
299 598 493 665 incolumes:
516 599 621 664 multa
639 598 789 664 adferunt
800 619 905 683 casus,
922 598 1074 685 frequens

111 687 236 753 bellum
264 691 322 754 est
368 686 567 774 Detegemus
593 688 656 754 tibi
684 689 783 753 etiam
814 686 911 752 huius
942 687 1110 754 mulier-o

111 775 207 842 culce
229 776 390 860 adfectus,
417 799 480 862 quo
503 778 610 864 magis
632 781 666 842 te
688 798 757 842 rem
779 780 849 842 tam
873 796 1005 862 gravem
1028 777 1074 842 fe·

110 865 197 932 cisse
218 866 391 952 poeniteat.
427 867 507 932 hoec
530 887 699 932 excaecare
716 872 751 932 te
772 887 838 932 non
860 864 978 950 potuit.
1009 886 1075 931 me·

110 955 211 1022 minit
227 960 413 1041 temporum
431 956 643 1041 superiorum,
665 954 816 1020 meminit
832 953 974 1039 illarum,
992 975 1073 1039 quas

111 1043 289 1130 aliquando
307 1066 493 1111 communes
512 1044 678 1129 habuistis,
692 1044 907 1130 voluptatum,
925 1043 1074 1109 meminit

111 1134 235 1200 amoris
257 1135 317 1200 tui.
345 1133 446 1222 digna
468 1137 527 1219 est,
549 1134 600 1199 cui
619 1156 752 1198 manum
770 1132 965 1199 commodes.
996 1153 1073 1198 nam
1092 1147 1128 1200 ιο

109 1222 143 1287 id
166 1244 294 1310 quoque
317 1224 369 1289 lex
389 1223 568 1290 iustissimo
587 1223 766 1309 constituit,
788 1224 936 1308 praestet
953 1221 1073 1307 oculos,

108 1311 167 1396 qui
194 1313 327 1397 emerit,
355 1317 388 1379 et
418 1313 455 1378 in
481 1312 585 1378 vicem
618 1315 784 1377 erutorum
816 1310 974 1376 luminum
1002 1311 1072 1396 ipse

111 1400 273 1467 succedat.
315 1401 381 1489 „At
408 1400 495 1468 enim
520 1401 600 1468 forti
628 1401 698 1467 uiro
726 1405 822 1486 turpe
845 1404 897 1466 est
918 1399 981 1466 hoc
1003 1399 1072 1464 offi-

111 1489 196 1556 cium
220 1491 357 1557 subire.“
402 1490 535 1558 Scilicet
557 1490 617 1556 ille
638 1489 841 1578 honestiora,
868 1489 1071 1556 debilitatem

109 1578 194 1664 pati,
226 1579 398 1665 utilene
425 1580 564 1646 infestos
591 1579 813 1659 numinibus†
840 1580 959 1646 oculos.
1005 1599 1071 1643 non
1091 1592 1125 1645 15

110 1669 172 1734 crit
202 1668 282 1734 talis
312 1669 378 1736 ista
406 1669 570 1754 debilitas,
602 1668 706 1755 qualis
736 1672 836 1752 esset,
868 1668 896 1733 si
919 1668 1011 1733 illam
1036 1666 1071 1730 in

108 1759 177 1824 acie
201 1779 319 1843 passus
343 1779 439 1826 esses.
470 1759 534 1843 tu,
561 1759 616 1844 qni
638 1779 768 1824 recusas
791 1757 855 1822 dux
878 1777 948 1822 esse
971 1776 1071 1820 mere·

106 1847 214 1931 tricis,
241 1868 308 1914 non
335 1849 462 1936 cogitas
488 1848 647 1932 futurum,
675 1851 713 1912 ut
739 1845 801 1912 tibi
829 1844 915 1910 oculi
937 1846 1071 1929 propter

105 1936 313 2003 meretricem
333 1937 509 2003 eruantur?
527 1958 641 2002 uerum
659 1938 803 2000 meretur
816 1933 870 1999 hic
884 1934 954 2017 ipse
967 1931 1071 2017 pudor

101 2028 192 2113 tuus,
216 2030 352 2112 propter
374 2048 470 2112 quem
493 2046 665 2112 parcamus
688 2023 792 2090 oculis
814 2022 889 2089 tuis.
1090 2038 1126 2088 20

471 2236 696 2307 GCXGVIIL

394 2363 567 2432 Rusticus
584 2361 782 2448 uerositus.

95 2487 264 2556 Rusticus
286 2487 468 2573 parasitum
491 2488 593 2553 lilium
618 2486 755 2554 abdicet
789 2485 846 2551 ille
869 2482 904 2550 Ο.
920 2483 958 2549 Ι).

418 2662 758 2731 DEGLAMATIO.

172 2791 251 2858 Non
273 2791 402 2876 ignoro,
428 2790 565 2874 iudices,
592 2810 789 2875 quamquam
815 2809 883 2853 non
905 2810 925 2853 a
947 2787 1070 2853 lorensi
1089 2840 1125 2889 25

102 2880 316 2950 contentione
345 2879 463 2964 solum,
493 2879 551 2945 sed
578 2880 619 2944 ab
647 2879 799 2945 universa
826 2876 969 2943 civitatis
998 2899 1071 2944 con-

102 2969 292 3038 versatione
310 2968 407 3055 longe
425 2971 580 3055 remotus,
592 2968 655 3035 hoc
668 2966 842 3054 praecipue
856 2965 925 3032 fieri
939 2967 1070 3033 misera·

179 3117 196 3166 3
216 3108 355 3182 cuusa[m]
374 3107 420 3164 Ro
437 3109 462 3164 d
478 3108 520 3164 Εἰ
545 3111 556 3178 {l
583 3111 724 3178 equomA
747 3110 756 3178 ΙΙ
780 3105 911 3167 hosculos
930 3110 982 3173 Aa;
1005 3109 1070 3161 tuos

104 3183 205 3239 oculos
219 3181 257 3251 (?)
271 3180 316 3237 Ro
329 3181 367 3250 117
386 3180 457 3236 hacc
470 3197 567 3237 occare
581 3184 621 3233 Aa
635 3180 644 3249 ΙΙ
656 3178 772 3234 memini
785 3182 863 3231 Η
876 3179 916 3248 118
935 3176 1014 3246 quasi
1033 3176 1070 3232 cl.

105 3260 137 3322 Δ,
156 3252 221 3328 quis
239 3253 275 3308 al.
294 3255 315 3304 B
333 3254 373 3324 l⁹
391 3251 492 3308 habuit
509 3256 571 3322 n,
590 3267 659 3308 corr.
678 3250 723 3307 Ro
736 3252 745 3321 ss
758 3251 905 3321 voluptatc
922 3252 1000 3301 Η
1013 3250 1022 3318 ΙΙ
1038 3254 1070 3302 12

104 3325 169 3382 uice
188 3325 392 3382 meritoruml
415 3324 425 3396 ΙΙ
450 3330 483 3378 14
502 3322 593 3379 silicet
610 3327 642 3393 Δ,
661 3323 771 3378 scilicet
789 3324 856 3378 ot!
883 3322 893 3390 n
922 3324 954 3373 15
977 3319 997 3376 f.
1020 3320 1070 3375 inl.

106 3397 237 3454 omnibus
251 3396 301 3464 Gr,
319 3397 338 3452 f.
352 3395 477 3452 defectos
491 3394 644 3450 luminibus
658 3394 721 3464 ceu,
740 3408 836 3450 eruore
850 3391 899 3446 inf.
914 3409 990 3446 num.
1004 3390 1048 3447 Ro
1061 3391 1079 3461 ll

109 3476 142 3526 18
159 3470 200 3524 ibi
218 3470 312 3536 Alsa
330 3465 552 3543 abdicotssjlslssss
567 3485 590 3525 c.
610 3467 639 3526 d.
658 3471 682 3524 Δ
