2386 3816
160 166 225 231 164
525 161 756 230 QUINTILIANI

157 330 207 395 tia
238 329 354 413 ipsius,
386 327 506 393 nullius
539 327 644 393 maior
673 326 793 392 iniuria
821 328 885 409 est,
917 345 1015 409 quam
1043 344 1171 388 mea-

42 432 46 446 ³
156 416 284 502 perdidi
311 417 502 482 beneficium
537 420 570 480 et
603 415 709 482 adhue
741 417 911 501 suspectus
940 434 1021 479 sum.
1066 412 1160 479 ha·-

157 506 302 572 biturum
330 528 382 570 me
409 507 580 591 putabam,
608 505 664 590 qui
690 504 815 570 veniret
842 503 879 569 in
910 502 1021 569 loenm
1041 501 1159 567 libe-

157 616 277 661 rorum.

125 790 140 838 s
355 757 365 778 ⁹
543 767 736 838 osxoln.

375 895 565 978 Tyrannus
589 893 703 962 vietae
725 893 900 962 civitatis.

157 1039 250 1107 V1ao
269 1037 376 1106 nourr
395 1056 588 1104 Parnnrnn.
620 1037 758 1116 Quidam
776 1037 908 1104 fortiter
924 1035 1011 1103 feeit
1039 1035 1170 1122 petib-

248 1128 394 1214 praemio
417 1127 626 1214 tyrannidem
649 1128 754 1195 vietae
778 1127 932 1194 civitatis.

396 1333 399 1336 ’
470 1321 811 1390 DEOLAMA'HO.

106 1466 138 1513 10
225 1446 343 1513 Omnia
371 1446 478 1513 danda
504 1468 575 1513 esse
602 1448 680 1514 viris
707 1447 848 1514 fortibus
876 1445 963 1531 dieo;
989 1446 1153 1512 neo'in-

158 1537 273 1602 merito
297 1535 415 1620 danda,
442 1537 553 1622 utique
583 1559 623 1602 ox
645 1537 753 1604 vietis.
796 1557 865 1603 non
888 1535 1051 1603 aerarium
1074 1535 1162 1601 in‘

158 1627 276 1710 quieto,
297 1647 364 1691 non
387 1624 600 1692 sacerdotium
624 1627 730 1713 rapio:
752 1629 839 1712 peto,
862 1629 901 1692 ut
921 1625 988 1691 sint
1005 1624 1146 1691 hostes

157 1715 192 1779 in
205 1737 278 1780 mea
292 1718 464 1800 potestate.
484 1737 521 1782 ao
534 1715 677 1799 primum
691 1715 836 1801 omnium
845 1715 1020 1801 interrogo,
1035 1715 1165 1802 quis-r

157 1804 272 1890 <quis>
288 1808 339 1870 est
351 1803 413 1870 iste
428 1804 483 1890 qui
495 1803 659 1890 prohibet,
672 1804 842 1890 iuste<ne>
856 1807 1002 1891 peterem
1018 1804 1146 1869 etiam.

106 1908 139 1958 15
158 1894 356 1960 eversionem
377 1893 544 1960 hostium?
585 1915 622 1961 ae
644 1897 715 1960 tum
737 1894 847 1961 nescio
871 1892 943 1980 quie
966 1893 1030 1959 isto
1053 1913 1159 1959 nort.

159 1982 252 2048 stetit
269 1983 304 2047 in
323 1982 411 2049 aeie‘?
435 1982 484 2047 illi
498 1982 527 2047 si
541 1982 707 2069 viaissent,
728 1983 902 2068 tyrannide
926 2003 960 2047 se
976 1980 1165 2049 vindica*

157 2075 240 2136 rent.
264 2072 311 2136 sio
329 2093 425 2158 agere
443 2072 526 2156 volo,
549 2074 721 2160 tamqnam
734 2073 865 2139 futurus
880 2070 1034 2139 erudelis:
1059 2092 1175 2136 msa

157 2163 299 2224 ruerunt.
322 2160 480 2226 vindicari
502 2164 641 2245 potestis
667 2163 737 2227 sine
755 2161 887 2228 invidia.
917 2160 956 2226 de
976 2183 1029 2226 me
1048 2181 1174 2246 quo*

157 2253 284 2331 rantur,
306 2249 358 2314 oui
381 2247 504 2336 aliquid
528 2249 595 2315 iam
618 2251 810 2316 irascuntur.
843 2249 1051 2336 tyrannidem
1075 2249 1165 2315 in‘

109 2353 142 2402 20
160 2359 281 2422 ponere
308 2338 398 2404 volo:
427 2338 590 2420 asperiora
616 2338 767 2409 narrabo.
811 2339 969 2426 plurimos
997 2361 1037 2405 ex
1067 2338 1158 2404 illm·

159 2427 289 2493 civitate
310 2449 407 2492 manu
425 2427 487 2494 hao
507 2427 619 2494 occidi.
648 2428 704 2494 sed
721 2429 879 2515 numquid
898 2426 991 2494 vobis
1011 2427 1152 2495 videor

160 2537 289 2600 avarus,
315 2516 532 2583 libidinosus?
573 2518 666 2583 aliter
695 2518 790 2585 crevi.
832 2517 944 2584 eadem
968 2538 1047 2603 ergo
1071 2539 1136 2583 reae

158 2605 247 2671 tione
269 2604 333 2671 hoe
354 2609 445 2690 peto,
469 2629 533 2691 qua
559 2605 689 2673 fortiter
712 2607 784 2674 feei.
820 2608 866 2674 sia
888 2606 1053 2693 praesidia
1076 2607 1139 2672 in-

158 2714 325 2847 popelprus.
368 2695 494 2761 tamdiu
517 2699 673 2782 tyrannus
697 2718 769 2782 oro,
792 2695 945 2784 quamdiu
967 2698 1130 2782 poterunt

106 2797 140 2846 25
163 2803 198 2847 re
222 2804 238 2847 θ
266 2805 329 2849 are.

231 2982 244 3031 Β
264 2976 455 3032 habitaturum
474 2979 576 3048 sapt
599 2978 726 3048 tyrannis
745 2976 823 3034 vitae
841 2979 893 3036 eir.
914 2984 955 3032 Aa
977 2981 988 3049 ΙΙ
1010 2984 1027 3036 8
1046 2979 1122 3035 vitae

158 3050 203 3099 Aa
224 3049 233 3119 ΙΙ
256 3054 272 3102 9
291 3046 466 3104 Declamatio
493 3066 543 3105 om.
568 3050 616 3119 ΒΗ
637 3055 670 3105 10
698 3049 775 3105 omni
798 3049 1000 3120 addendus,
1028 3049 1123 3107 omnia

157 3117 260 3173 damna
278 3124 299 3172 B
320 3120 330 3190 n
353 3124 458 3174 18-14
477 3119 646 3196 quis<quis>
665 3122 708 3177 eet
724 3121 744 3177 i,
764 3139 791 3192 q.
809 3122 949 3193 prohibet,
968 3120 1122 3196 inste(ne>

157 3189 201 3270 Rp
223 3192 233 3262 {t
257 3197 369 3246 13-16
387 3191 570 3259 fortasse*ao
588 3211 630 3263 pr.
651 3209 676 3249 o.
694 3192 799 3263 intem,
822 3193 885 3264 quis
911 3195 954 3250 est
971 3192 991 3251 i.
1010 3211 1037 3265 q.
1058 3209 1122 3264 pro-

157 3259 254 3342 inbot?
273 3280 310 3318 an
327 3265 387 3318 tum
407 3280 434 3318 n.
454 3279 480 3332 q.
499 3263 517 3320 i.
537 3282 564 3320 n.
579 3267 606 3319 st
623 3263 641 3320 i.
663 3264 742 3320 aeia?
761 3265 834 3321 iuste
851 3281 879 3336 p.
899 3282 922 3321 e.
939 3281 962 3321 e.
982 3264 1122 3322 hostium:

156 3331 242 3387 illisi
261 3334 313 3389 vio.
332 3339 379 3390 eto.
395 3334 405 3404 i
420 3339 453 3390 16
472 3334 497 3391 ai
514 3351 565 3392 om.
584 3340 605 3388 Β
623 3338 633 3407 {y
650 3335 813 3407 tyrannides
832 3339 862 3392 et
879 3336 955 3393 vind.
974 3340 1005 3406 Β,
1023 3339 1120 3407 tyran·

156 3402 225 3458 nida
244 3407 274 3461 et
290 3424 317 3460 v.
335 3411 355 3458 Β
369 3406 378 3476 [Ι
394 3411 426 3461 19
445 3406 602 3464 irascantur
618 3412 639 3460 Β
