2386 3816
348 180 665 240 nncnrnrnonns.
685 183 836 240 cccxxv.
1006 152 1072 253 ati

112 347 141 410 et
174 348 250 410 ante
282 345 348 411 ista
379 346 467 411 bona
498 346 540 411 ad
573 347 668 412 deum
698 349 860 431 pertinere
888 353 1073 436 coeperunt,

111 455 207 518 quam
230 434 282 499 lex
306 434 485 500 damnaret
516 435 599 519 vide,
623 439 780 527 quantum
803 437 934 502 recedas
958 438 1000 502 ab
1023 439 1072 503 in·

107 522 243 589 tellectu
268 522 348 588 iuris
371 523 514 588 huiusce.
537 524 589 587 'si
611 525 742 589 caedem
766 529 841 591 ante
865 526 1073 612 sacrilegium

108 611 341 690 commisisset,
373 616 486 677 tamen
518 634 592 678 cum
623 617 738 697 postea
766 614 874 681 caedis
899 614 1072 681 damnatus
1152 629 1156 637 '

105 703 207 784 esset,
248 701 289 765 ad
330 700 425 766 deum
465 702 574 785 potius
616 703 826 787 pertinerent.
875 724 943 769 non
985 704 1108 769 enimc

104 788 279 874 prodesset
295 788 367 874 tibi,
391 790 476 874 quod
494 791 584 874 prius
604 791 711 856 caedis
730 795 860 876 tempus
879 795 975 875 esset,
993 814 1073 877 quo-

102 878 197 943 niam
221 878 273 943 lex
296 882 354 943 tna
375 900 444 944 non
466 878 509 943 ad
531 879 672 963 caedem,
695 881 751 945 sed
771 880 810 945 ad
830 881 1074 946 damnationem

103 967 258 1050 pertinet.
307 989 392 1033 nunc
425 989 514 1052 vere,
547 991 619 1034 curn
647 969 856 1054 sacrilegium
883 972 958 1034 ante
988 991 1073 1035 com·

103 1056 244 1121 missum
272 1055 329 1141 sit,
362 1078 459 1140 quam
489 1057 617 1141 caedes,
648 1079 716 1124 non
743 1062 793 1124 est
816 1059 963 1143 dubium,
996 1057 1073 1150 quin

102 1143 195 1209 bona
216 1145 283 1210 ista
304 1145 419 1229 templi
443 1150 528 1210 sunt.
1093 1164 1126 1212 10

175 1232 241 1317 „At
268 1234 355 1298 enim
383 1235 566 1318 praemium
591 1235 674 1299 mihi
702 1235 845 1301 debetur.
890 1257 962 1301 meo
985 1235 1073 1301 enim

104 1320 265 1387 beneficio
289 1326 322 1387 et
341 1323 548 1407 sacrilegium
566 1323 648 1388 illud
666 1324 835 1390 inventum
854 1325 931 1391 est“
965 1324 1072 1390 Immo

105 1409 241 1476 hercule
264 1413 364 1476 etiam
387 1412 446 1477 illa
464 1412 587 1497 caedes,
609 1412 765 1479 beneficio
790 1414 901 1499 (non)
924 1419 987 1479 tuo.
1033 1435 1073 1479 ex

105 1520 173 1584 quo
198 1500 298 1564 semel
326 1522 442 1565 manus
471 1501 666 1587 inquinavit,
692 1503 859 1568 insecutae
890 1506 966 1568 sunt
994 1502 1073 1568 illae

103 1587 258 1672 protinus
281 1588 394 1673 furiae,
416 1595 453 1655 ut
475 1590 562 1655 hunc
583 1590 749 1656 hominem
771 1593 882 1676 palam
903 1591 1073 1677 occideret,
1093 1607 1126 1656 15

103 1677 145 1741 nt
158 1697 231 1742 reus
247 1677 436 1763 deferretur,
453 1683 491 1743 ut
509 1679 730 1764 damnaretur,
751 1684 790 1745 ut
802 1684 1018 1765 torqueretur,
1036 1684 1074 1745 ut

104 1765 325 1832 confiteretur.
362 1789 404 1831 an
426 1789 503 1833 vero
526 1773 563 1833 tu
586 1768 691 1853 illum,
713 1768 801 1852 quod
823 1770 1030 1853 sacrilegium
1053 1791 1074 1832 a

104 1876 143 1920 se
167 1855 376 1920 commissum
400 1877 470 1921 esse
490 1857 581 1942 dixit,
603 1857 809 1940 praestitisse
827 1856 968 1940 ignibus,
992 1878 1073 1940 quos

103 1964 168 2008 nos
192 1944 397 2029 subiecimus,
420 1948 477 2010 aut
499 1944 640 2035 flagellis
664 1944 784 2029 putas?
816 1944 901 2009 nihil
923 1945 983 2009 illa
1004 1948 1071 2009 tor-

103 2035 218 2096 menta
246 2033 286 2098 ad
309 2033 545 2100 confessionem
569 2033 730 2117 sacrilegii
753 2034 977 2119 pertinebant,
1005 2053 1073 2098 non
1092 2050 1126 2099 20

103 2121 147 2186 de
174 2120 237 2187 hoc
264 2123 487 2206 torquebatur.
531 2143 653 2187 numen
676 2127 747 2188 erat
769 2122 930 2208 profecto,
952 2144 1074 2189 numen

103 2208 199 2294 illud,
222 2211 307 2294 quod
327 2210 489 2277 subiceret
507 2211 604 2295 faces,
628 2211 715 2295 quod
733 2212 911 2278 acrioribus
931 2212 1072 2277 stimulis

104 2298 264 2384 agitaret:
284 2323 343 2366 vos
363 2300 403 2365 de
423 2300 519 2365 caede
538 2299 757 2385 torquebatis,
775 2300 831 2367 ille
846 2302 884 2366 de
899 2301 1072 2385 sacrilegio

104 2387 331 2454 confitebatur.

492 2527 691 2602 GCOXXV.
1092 2529 1127 2578 2⁵

328 2652 521 2720 Hereditas
544 2653 627 2720 fidei
651 2654 854 2722 commissa.

102 2776 236 2862 Pauper
267 2782 302 2843 et
328 2778 418 2844 dives
450 2779 549 2845 vicini
576 2782 678 2845 erant.
729 2779 865 2863 pauperi
892 2802 973 2845 uxor
1001 2803 1074 2865 spe

199 2868 297 2932 ciosa.
329 2889 441 2933 rumor
464 2872 544 2954 erat,
565 2868 742 2933 adulterari
765 2869 918 2952 pauperis
940 2891 1073 2935 uxorem

198 2978 218 3020 a
246 2955 360 3040 divite,
389 2957 517 3022 conscio
547 2957 627 3024 viro.
673 2957 798 3022 delatus
822 2957 975 3024 lenocinii
997 2981 1072 3024 reus

197 3065 320 3129 pauper
344 3047 377 3109 et
400 3045 569 3111 absolutus
593 3050 652 3112 est.
687 3045 775 3112 dives
800 3045 938 3113 decessit
954 3047 1072 3112 herede
1091 3062 1126 3110 30

181 3242 195 3289 1
215 3237 252 3292 ad
271 3237 325 3292 dn
336 3241 371 3307 A,
390 3237 426 3293 ad
445 3252 509 3292 eum
526 3240 547 3288 B
565 3239 575 3306 ΙΙ
593 3243 611 3291 4
629 3237 705 3308 cum]
725 3237 858 3308 quoniam
876 3239 952 3306 Allo
971 3238 1072 3293 adeum

101 3312 131 3363 A
144 3310 184 3379 119
204 3308 298 3363 caedis
317 3310 362 3378 Au
380 3316 411 3363 11
432 3307 504 3362 mihi
521 3324 572 3362 om.
590 3313 611 3361 B
626 3310 635 3378 ΙΙ
650 3314 684 3363 13
702 3309 838 3364 beneficio
857 3326 907 3365 suo
925 3312 982 3376 AB,
1001 3325 1072 3366 corr·
1174 3370 1176 3375 ,

101 3377 153 3435 Ro
171 3380 181 3448 ΙΙ
200 3386 234 3434 14
252 3380 375 3435 insertae
393 3384 414 3432 B
432 3382 441 3450 ΙΙ
461 3385 494 3434 21
514 3396 617 3433 nomen
634 3383 690 3448 Ae,
710 3397 759 3435 om.
779 3381 823 3449 1³11
840 3396 943 3435 nomen
961 3385 1001 3434 Aa
1014 3383 1024 3451 ΙΙ
1037 3386 1072 3436 28

102 3455 235 3524 adulteri
253 3473 284 3536 a
304 3467 424 3524 adultas
441 3469 487 3538 aq
501 3473 536 3524 re
555 3466 654 3525 concio
672 3472 695 3522 n
