2386 3816
155 169 220 234 356
520 165 752 230 ournrnmur

155 330 425 414 circumscriptus.
471 327 612 414 Nuptias
648 328 738 394 filiae
775 331 851 392 tuae
890 331 1005 413 pactus
1039 351 1128 396 sum.

154 443 220 485 non
240 419 320 502 dico,
340 441 403 503 qua
418 418 577 484 mercede:
595 421 711 501 pactus
731 440 813 482 sum.
836 417 916 482 fides
932 439 1127 502 supremum

154 531 262 573 rerum
280 508 495 573 humanorum
513 508 677 573 vinculum
697 510 760 572 est:
783 528 876 571 sacra
894 506 980 570 inter
998 507 1128 590 hostes,

155 620 247 663 sacra
275 595 375 683 (quod
392 618 506 681 ,nuper
533 593 690 681 comperi)
717 596 803 660 inter
834 594 974 679 piratas:
1007 600 1128 661 tantae

120 704 136 752 o
156 688 255 752 etiam
280 686 363 770 apud
386 686 491 750 malos
511 684 726 769 auctoritatis,
749 688 786 749 ut
801 706 874 749 oum
892 684 1020 749 tradere
1040 685 1127 749 mihi

154 776 256 840 filiam
283 778 373 839 tuam
401 773 519 855 nolles,
545 793 666 857 negare
695 777 806 857 aperte
828 795 894 837 non
917 775 1127 840 sustinueris,

154 864 199 929 Et
222 887 286 948 qua
305 862 450 927 mercede
474 865 588 946 pactus
612 861 723 927 eram?
746 865 784 926 nt
805 861 1005 927 redimerem.
1043 885 1128 928 non-

156 952 276 1036 <dum>
301 952 372 1017 dico
397 973 416 1016 a
439 951 571 1036 quibus,
594 952 739 1017 nondum
763 951 849 1036 dico,
879 973 942 1036 quo
966 952 1128 1036 periculo.

156 1042 278 1107 scilicet
319 1041 403 1104 male
444 1043 553 1125 tecum
590 1041 761 1125 agebatur,
804 1040 832 1105 si
874 1041 927 1105 cui
967 1048 1125 1125 coeperat

103 1147 136 1197 10
155 1132 228 1215 plus
252 1131 380 1213 debere,
409 1153 508 1214 quam
535 1129 606 1195 tibi.
651 1130 686 1194 in
710 1152 837 1195 summa
859 1130 964 1215 qualis
988 1130 1032 1195 sit
1055 1131 1127 1196 ista

156 1219 315 1300 condicio,
347 1220 393 1284 sio
424 1219 661 1286 aestimandum
691 1221 754 1284 est:
796 1223 833 1284 tu
863 1219 1012 1304 posuist'.
1058 1219 1126 1285 hoo

155 1309 196 1372 ad
225 1309 377 1372 meritum
406 1309 559 1393 pertinet,
603 1307 685 1374 illud
712 1307 754 1373 ad
779 1309 932 1393 pericula.
966 1308 1126 1393 navigavi

155 1396 195 1460 ad
235 1396 378 1480 piratas3
420 1398 454 1461 in
495 1419 576 1482 quos
618 1396 759 1463 incidere
800 1398 1019 1462 miserrimum
1063 1402 1126 1482 est,

155 1484 315 1569 quaesivi,
353 1507 465 1550 omnes
503 1487 655 1570 scopulos
693 1489 856 1566 scrutatus
890 1509 974 1570 sum,
1009 1488 1126 1552 omnia

104 1590 136 1639 15
155 1574 255 1638 litora
278 1574 413 1638 excussi.
437 1574 561 1640 accedit
584 1574 708 1659 aliquid
730 1576 882 1659 ponderis
905 1575 982 1641 huic
1000 1576 1124 1642 merito

155 1685 242 1728 meo:
273 1685 395 1747 pauper
427 1662 489 1728 hoc
521 1661 598 1747 feci,
634 1686 704 1729 rem
736 1665 830 1730 diviti
862 1686 1008 1750 gravem,
1041 1666 1128 1730 mihi

155 1752 445 1831 †nccessariam†.
480 1751 526 1818 Et
549 1773 647 1836 quare
669 1757 789 1837 negata
812 1754 887 1819 est?
910 1757 947 1818 ut
971 1754 1127 1820 conloca-

156 1846 246 1907 retur
269 1841 313 1924 ei,
336 1841 391 1925 qui
410 1863 476 1906 non
494 1840 686 1926 redemerat,
710 1843 765 1927 qui
789 1845 1043 1926 contempserat,
1067 1845 1128 1927 qui

154 1931 269 2015 piratis
289 1930 473 2014 reliquerat.
506 1928 677 1995 tantumne
699 1933 836 2014 pecunia
859 1931 968 1996 valet?
993 1935 1127 1996 tantum

103 2036 138 2085 20
157 2019 215 2083 ille
233 2019 343 2104 fulgor
361 2019 549 2083 divitiarum
568 2023 682 2084 contra
701 2021 871 2085 veritatem
891 2019 1022 2104 potest?
1036 2043 1126 2086 nunc

159 2107 215 2171 ille
237 2107 360 2172 melior.

227 2192 322 2280 „Non
344 2199 455 2261 tamen
479 2217 540 2281 ego
563 2195 656 2262 feci.“
680 2196 781 2274 Quasi
805 2198 1064 2282 circumscriptio
1089 2200 1127 2264 in

156 2284 219 2349 hoc
243 2284 287 2349 sit
305 2284 384 2367 solo,
408 2286 494 2369 quod
516 2307 584 2351 non
603 2289 711 2351 actum
728 2309 787 2371 per
806 2291 914 2353 tecet:
938 2288 1037 2352 estin
1056 2288 1126 2373 illo,

157 2373 241 2456 quod
270 2374 462 2459 promisisti3
496 2376 601 2440 estin
624 2375 697 2460 illo,
727 2376 813 2460 quod
836 2397 902 2461 me,
933 2376 1036 2441 donec
1065 2377 1127 2442 ille

103 2478 137 2527 ao
155 2467 300 2546 raperet,
334 2462 499 2529 distulisti.
539 2486 605 2530 non
633 2468 684 2529 est
711 2464 773 2530 hoo
801 2487 904 2551 genus
928 2487 1058 2550 causae,
1090 2467 1127 2531 in

157 2572 221 2634 quo
246 2551 354 2616 omnia
378 2553 513 2618 crimina
536 2553 712 2618 transferre
735 2555 851 2638 possis.
891 2554 1020 2619 initium
1045 2577 1066 2618 a
1089 2559 1125 2620 te

157 2641 225 2703 est:
249 2641 438 2723 promisisti.
485 2643 513 2705 si
535 2663 602 2706 non
625 2645 697 2706 erat
719 2643 754 2706 in
776 2647 833 2708 tua
856 2647 1035 2729 potestate,
1059 2647 1126 2710 sta-

156 2727 218 2791 tim
246 2729 536 2814 ciroumscripsisti.
583 2729 707 2795 scilicet
735 2751 796 2815 ego
812 2733 951 2816 stultus,
981 2733 1037 2817 qui
1061 2734 1126 2799 vir-

157 2815 266 2898 ginem
294 2817 418 2902 reduxi,
447 2820 503 2902 qui
532 2822 660 2883 tantam
691 2841 802 2885 curam
825 2822 878 2906 egi
901 2823 1128 2909 verecundiae,

229 3025 1126 3103 1nuptiasAnapactustfltfidesdltusacralaus

155 3098 222 3152 fidei
239 3098 313 3152 inter
331 3098 427 3152 hostes
445 3102 522 3170 And
540 3103 620 3155 tanta
643 3106 664 3154 B
687 3102 697 3172 ΙΙ
720 3109 736 3156 6
760 3105 840 3157 tuam
859 3103 985 3158 filiamB
1013 3107 1023 3175 [Ι
1052 3112 1125 3160 7-8

154 3167 585 3312 nudutdtturtt
599 3172 866 3315 {tutatuta
882 3177 891 3245 ''
918 3175 1127 3316 tutta

155 3259 231 3380 diod
263 3330 319 3367 non
351 3315 416 3369 acta
430 3330 498 3396 'per
529 3316 631 3399 testem
650 3264 727 3384 pn,
764 3333 832 3372 corr.
865 3263 924 3386 ΕΞ·
956 3291 1034 3388 quod
1068 3337 1128 3377 non

141 3386 236 3514 Ιζιῖἔξ
251 3402 311 3531 (ἢν
332 3386 369 3440 te.
399 3388 485 3442 otram
510 3388 553 3441 est
575 3405 605 3440 rn
623 3388 673 3441 illo
697 3387 768 3453 0br;
794 3407 833 3444 aa
851 3389 951 3458 *quod
969 3391 1055 3460 rapta
1074 3410 1128 3462 per
