2386 3816
203 152 207 163 “
298 134 615 225 tscrsumouss.
634 168 801 226 cccxxm.
963 167 1032 233 269

64 334 166 412 nibus
189 333 351 399 flammas:
374 354 454 398 num
476 333 579 418 igitur
602 332 706 398 facere
730 333 936 398 securitatem
956 333 1032 398 eivi-

65 423 131 488 tati
154 425 273 508 potest,
296 423 324 487 si
347 423 419 506 quis
439 421 525 487 faces
546 422 614 486 eius
634 421 830 487 extinxerit?
852 421 1032 487 nonhabet

65 532 153 577 nune
182 533 285 596 arma,
312 511 501 576 nonhabet
525 515 730 596 apparatum:
762 511 819 576 sed
841 509 943 575 habet
966 511 1033 575 ani-

65 622 167 666 mum.

133 686 203 754 Nec
221 688 302 753 mihi
319 689 382 756 hoe
400 689 480 754 satis
499 692 551 754 est
565 688 754 774 adprobare,
767 687 897 770 iudices,
918 691 1031 771 tyren·
1051 703 1066 752 o

65 799 149 844 num
171 777 325 861 futurum,
347 778 411 853 nisi
434 778 515 844 illud
533 798 660 863 quoque
680 780 755 860 ante
774 775 885 842 oculos
905 779 1032 841 vestros

67 887 223 952 posuero,
258 867 364 951 qualis
401 867 445 932 sit
483 867 610 932 tuturus
639 869 806 950 tyrannus.
851 864 949 929 ullius
979 863 1032 929 hic

66 959 180 1039 parcet
207 956 348 1040 corpori,
381 955 437 1040 qui
465 959 592 1041 patrem
618 953 816 1020 trucidavit?
852 952 950 1019 ullius
978 953 1032 1018 hic

67 1043 214 1109 criminis
238 1048 314 1129 aget
336 1045 575 1128 verecundiam,
600 1043 656 1128 qui
677 1042 886 1129 parricidium
909 1041 1032 1127 profes-

68 1155 124 1199 sus
153 1135 203 1197 e‘st
229 1133 263 1196 in
292 1133 465 1199 contione?
503 1134 557 1219 qui
580 1131 726 1217 gladium
748 1131 841 1196 illum
865 1134 1029 1196 cruentum
1053 1148 1086 1196 10

69 1220 315 1305 stillantemque
339 1223 497 1308 sanguine
521 1220 690 1288 ostendere
713 1220 834 1305 populo
858 1241 925 1285 non
943 1216 1056 1285 recu·'

67 1309 176 1375 savit?
205 1310 283 1463 quid
305 1310 361 1376 ille
384 1311 535 1377 menibus
558 1309 734 1395 imperabit
756 1309 881 1392 alienis,
903 1312 1032 1375 tentum
1162 1392 1164 1399 Ι

68 1420 139 1465 suis
163 1421 260 1465 ausus

276 1611 278 1614 ·
313 1674 316 1679 ,
433 1592 661 1663 oooxxm.

246 1715 450 1785 Alexander
472 1719 648 1803 templum
672 1718 849 1786 dedicans.
1053 1733 1085 1783 15

67 1841 136 1919 Qnr
158 1859 265 1909 noem
289 1839 386 1926 orsu
405 1861 573 1928 russum„
588 1860 716 1909 creme
736 1861 922 1910 summme.
957 1842 1032 1907 Ale-

159 1932 282 1997 xander
304 1933 392 1999 bello
415 1933 564 1998 Athenas
588 1954 661 1998 cum
680 1934 852 2018 premeret,
874 1931 1034 2015 templum

161 2023 253 2086 extra
280 2042 390 2088 muros
414 2021 560 2106 positum
582 2020 735 2087 incendit.
780 2019 966 2106 pestilentia
989 2020 1034 2085 la·

159 2110 275 2175 horare
295 2111 410 2195 coepit.
445 2132 637 2195 responsum
656 2113 714 2196 est,
737 2132 804 2177 non
821 2130 918 2194 posse
936 2109 1033 2193 finiri,

159 2199 223 2264 nisi
259 2199 419 2285 templum
455 2199 660 2265 restituisset.
720 2199 874 2265 restituto
910 2197 1034 2282 templo
1053 2213 1087 2262 2ο

162 2287 373 2354 Atheniensis
397 2287 547 2354 sacerdos
564 2286 749 2355 Alexandro
772 2288 948 2374 pollicente
973 2287 1033 2352 dis-

160 2398 326 2442 cessurum
350 2399 384 2443 se
408 2377 585 2463 charmis,
614 2377 642 2443 si
668 2377 840 2462 dedicaret,
864 2375 1034 2441 dedicavit.

160 2464 309 2531 discessit
341 2466 382 2531 ab
410 2466 578 2532 obsidione
605 2466 811 2532 Athenarum
838 2462 1033 2530 Alexander.

159 2552 279 2620 dicitur
301 2555 450 2621 sacerdos
473 2555 562 2621 hosti
586 2577 680 2640 opem
703 2554 826 2621 tulisse.

467 2749 640 2818 snRMO.
1053 2764 1087 2814 25
1150 2801 1153 2811 .

140 2874 246 2952 Quam
268 2878 378 2959 potest
401 2875 544 2940 maxima
562 2875 720 2959 religione
738 2874 881 2940 iudicum
899 2874 1034 2960 implen-

69 2965 131 3030 dus
160 2963 287 3028 animus
316 2967 373 3029 est.
419 2985 495 3029 nam
523 2967 557 3028 et
579 2963 729 3030 sacerdos
752 2986 827 3030 reus
851 2967 958 3030 estet
982 2964 1034 3029 da-

67 3058 124 3119 tur
148 3052 177 3118 ei
200 3052 341 3138 crimini,
374 3053 460 3138 quod
484 3052 679 3119 dedicaverit
701 3052 859 3138 templum
882 3057 925 3136 et,
950 3053 1035 3138 quod

69 3142 284 3208 utilissimum
312 3146 345 3206 et
372 3163 489 3208 causae
517 3142 617 3207 etiam
644 3142 739 3208 facile
767 3147 831 3226 est,
862 3142 924 3207 hoe
954 3148 1035 3206 tem·

143 3322 160 3371 o
179 3315 284 3372 iudicii
303 3321 326 3369 Δ
344 3319 353 3389 Η
373 3323 388 3372 8
408 3317 532 3371 trucidat
549 3321 570 3370 B
588 3320 598 3388 ΙΙ
618 3324 651 3372 10
674 3318 717 3373 est
735 3317 803 3386 quin
822 3317 895 3372 cont.
914 3319 955 3369 Aa
972 3318 982 3386 ῃ
1002 3323 1034 3370 11

71 3388 239 3460 sanguinem
257 3391 278 3440 B
292 3390 302 3458 ΙΙ
318 3395 350 3444 12
368 3389 519 3459 imperavit
537 3392 586 3441 AB
600 3391 610 3458 fl
624 3395 658 3444 27
676 3408 704 3444 n.
720 3389 773 3444 etsi
787 3404 841 3443 sac.
852 3391 893 3440 Ab
906 3388 916 3456 ΙΙ
929 3393 1035 3442 27-28

71 3460 156 3515 datur
179 3462 208 3514 et
228 3477 265 3517 cr.
284 3463 376 3531 8112ss
395 3461 533 3531 templum
552 3477 603 3516 om.
622 3464 643 3513 B
723 3453 738 3484 ⁹
