<?xml version="1.0" encoding="UTF-8"?>
<!DOCTYPE html PUBLIC "-//W3C//DTD XHTML 1.0 Transitional//EN"
    "http://www.w3.org/TR/xhtml1/DTD/xhtml1-transitional.dtd">
<html xmlns="http://www.w3.org/1999/xhtml" xml:lang="en" lang="en">
 <head>
  <title>
</title>
<meta http-equiv="Content-Type" content="text/html;charset=utf-8" />
  <meta name='ocr-system' content='tesseract 3.04.00' />
  <meta name='ocr-capabilities' content='ocr_page ocr_carea ocr_par ocr_line ocrx_word'/>
</head>
<body>
  <div class='ocr_page' id='page_1' title='image "./mfabiiquintilia01rittgoog_0167.png"; bbox 0 0 2386 3816; ppageno 0'>
   <div class='ocr_carea' id='block_1_1' title="bbox 171 143 766 224">
    <p class='ocr_par' dir='ltr' id='par_1_1' title="bbox 171 143 766 224">
     <span class='ocr_line' id='line_1_1' title="bbox 171 143 766 224; baseline -0.007 -12"><span class='ocrx_word' id='word_1_1' title='bbox 171 157 234 224; x_wconf 77' lang='lat'><strong>132</strong></span> <span class='ocrx_word' id='word_1_2' title='bbox 270 143 273 150; x_wconf 83' lang='lat'>&#39;</span> <span class='ocrx_word' id='word_1_3' title='bbox 534 154 766 222; x_wconf 73' lang='lat' dir='ltr'><strong>eumenum</strong></span> 
     </span>
    </p>
   </div>
   <div class='ocr_carea' id='block_1_2' title="bbox 134 315 1135 833">
    <p class='ocr_par' dir='ltr' id='par_1_2' title="bbox 168 315 1135 673">
     <span class='ocr_line' id='line_1_2' title="bbox 168 315 1131 404; baseline -0.004 -18"><span class='ocrx_word' id='word_1_4' title='bbox 168 323 279 388; x_wconf 87' lang='lat' dir='ltr'><strong>futuro</strong></span> <span class='ocrx_word' id='word_1_5' title='bbox 303 325 390 386; x_wconf 81' lang='lat' dir='ltr'><strong>uerte</strong></span> <span class='ocrx_word' id='word_1_6' title='bbox 412 320 483 387; x_wconf 87' lang='lat' dir='ltr'><strong>filio</strong></span> <span class='ocrx_word' id='word_1_7' title='bbox 506 322 696 404; x_wconf 72' lang='lat' dir='ltr'><strong>praestaret.</strong></span> <span class='ocrx_word' id='word_1_8' title='bbox 728 319 785 383; x_wconf 84' lang='lat' dir='ltr'><strong>illa</strong></span> <span class='ocrx_word' id='word_1_9' title='bbox 808 318 909 404; x_wconf 84' lang='lat' dir='ltr'><strong>igitur</strong></span> <span class='ocrx_word' id='word_1_10' title='bbox 930 315 1022 401; x_wconf 88' lang='lat' dir='ltr'><strong>prior</strong></span> <span class='ocrx_word' id='word_1_11' title='bbox 1043 315 1131 382; x_wconf 80' lang='lat' dir='ltr'><strong>dum·</strong></span> 
     </span>
     <span class='ocr_line' id='line_1_3' title="bbox 168 404 1134 492; baseline -0.006 -17"><span class='ocrx_word' id='word_1_12' title='bbox 168 411 260 475; x_wconf 82' lang='lat' dir='ltr'><strong>navit</strong></span> <span class='ocrx_word' id='word_1_13' title='bbox 292 414 439 475; x_wconf 83' lang='lat' dir='ltr'><strong>ventrem</strong></span> <span class='ocrx_word' id='word_1_14' title='bbox 477 431 579 475; x_wconf 87' lang='lat' dir='ltr'><strong>suum.</strong></span> <span class='ocrx_word' id='word_1_15' title='bbox 631 407 788 474; x_wconf 75' lang='lat' dir='ltr'><strong>Victurus</strong></span> <span class='ocrx_word' id='word_1_16' title='bbox 825 411 936 473; x_wconf 83' lang='lat' dir='ltr'><strong>eutem</strong></span> <span class='ocrx_word' id='word_1_17' title='bbox 972 404 1043 492; x_wconf 83' lang='lat' dir='ltr'><strong>fuit</strong></span> <span class='ocrx_word' id='word_1_18' title='bbox 1066 405 1134 491; x_wconf 79' lang='lat' dir='ltr'><strong>ille,</strong></span> 
     </span>
     <span class='ocr_line' id='line_1_4' title="bbox 169 493 1133 584; baseline -0.005 -20"><span class='ocrx_word' id='word_1_19' title='bbox 169 501 284 584; x_wconf 85' lang='lat' dir='ltr'><strong>siege</strong></span> <span class='ocrx_word' id='word_1_20' title='bbox 317 500 497 567; x_wconf 71' lang='lat' dir='ltr'><strong>adulteram</strong></span> <span class='ocrx_word' id='word_1_21' title='bbox 528 519 595 563; x_wconf 86' lang='lat' dir='ltr'><strong>nen</strong></span> <span class='ocrx_word' id='word_1_22' title='bbox 628 496 840 564; x_wconf 84' lang='lat' dir='ltr'><strong>oeeidissem?</strong></span> <span class='ocrx_word' id='word_1_23' title='bbox 883 516 953 562; x_wconf 84' lang='lat' dir='ltr'><strong>non</strong></span> <span class='ocrx_word' id='word_1_24' title='bbox 983 493 1133 560; x_wconf 84' lang='lat' dir='ltr'><strong>novimus</strong></span> 
     </span>
     <span class='ocr_line' id='line_1_5' title="bbox 168 583 1135 673; baseline -0.003 -20"><span class='ocrx_word' id='word_1_25' title='bbox 168 588 228 654; x_wconf 93' lang='lat' dir='ltr'><strong>hos</strong></span> <span class='ocrx_word' id='word_1_26' title='bbox 262 610 369 669; x_wconf 86' lang='lat' dir='ltr'><strong>mores</strong></span> <span class='ocrx_word' id='word_1_27' title='bbox 401 589 667 673; x_wconf 85' lang='lat' dir='ltr'><strong>turpissimarum</strong></span> <span class='ocrx_word' id='word_1_28' title='bbox 699 586 907 670; x_wconf 83' lang='lat' dir='ltr'><strong>feminarum,</strong></span> <span class='ocrx_word' id='word_1_29' title='bbox 938 587 976 651; x_wconf 93' lang='lat' dir='ltr'><strong>ut</strong></span> <span class='ocrx_word' id='word_1_30' title='bbox 1005 583 1135 650; x_wconf 64' lang='lat' dir='ltr'><strong>oderim</strong></span> 
     </span>
    </p>

    <p class='ocr_par' dir='ltr' id='par_1_3' title="bbox 134 673 1133 833">
     <span class='ocr_line' id='line_1_6' title="bbox 134 673 1133 763; baseline -0.003 -20"><span class='ocrx_word' id='word_1_31' title='bbox 134 678 360 763; x_wconf 72' lang='lat' dir='ltr'><strong>spuerperia?</strong></span> <span class='ocrx_word' id='word_1_32' title='bbox 383 681 421 743; x_wconf 92' lang='lat' dir='ltr'><strong>ut</strong></span> <span class='ocrx_word' id='word_1_33' title='bbox 437 678 531 762; x_wconf 86' lang='lat' dir='ltr'><strong>filios,</strong></span> <span class='ocrx_word' id='word_1_34' title='bbox 554 677 644 742; x_wconf 83' lang='lat' dir='ltr'><strong>velut</strong></span> <span class='ocrx_word' id='word_1_35' title='bbox 661 675 784 742; x_wconf 75' lang='lat' dir='ltr'><strong>iudices</strong></span> <span class='ocrx_word' id='word_1_36' title='bbox 804 675 923 742; x_wconf 86' lang='lat' dir='ltr'><strong>aetatis</strong></span> <span class='ocrx_word' id='word_1_37' title='bbox 942 693 1029 758; x_wconf 62' lang='lat' dir='ltr'><strong>suae,</strong></span> <span class='ocrx_word' id='word_1_38' title='bbox 1052 673 1133 740; x_wconf 85' lang='lat' dir='ltr'><strong>abo-</strong></span> 
     </span>
     <span class='ocr_line' id='line_1_7' title="bbox 169 768 359 833; baseline 0.011 -2"><span class='ocrx_word' id='word_1_39' title='bbox 169 768 359 833; x_wconf 80' lang='lat' dir='ltr'><strong>minentur?</strong></span> 
     </span>
    </p>
   </div>
   <div class='ocr_carea' id='block_1_3' title="bbox 268 958 1034 1173">
    <p class='ocr_par' dir='ltr' id='par_1_4' title="bbox 268 958 1034 1173">
     <span class='ocr_line' id='line_1_8' title="bbox 520 958 898 1029; baseline -0.005 0"><span class='ocrx_word' id='word_1_40' title='bbox 520 958 783 1029; x_wconf 79' lang='lat' dir='ltr'><strong>GGLXXVIII.</strong></span> <span class='ocrx_word' id='word_1_41' title='bbox 896 978 898 983; x_wconf 72' lang='grc'>’</span> 
     </span>
     <span class='ocr_line' id='line_1_9' title="bbox 268 1082 1034 1173; baseline -0.013 -12"><span class='ocrx_word' id='word_1_42' title='bbox 268 1087 468 1172; x_wconf 70' lang='lat' dir='ltr'><strong>Expositos</strong></span> <span class='ocrx_word' id='word_1_43' title='bbox 489 1087 615 1173; x_wconf 78' lang='lat' dir='ltr'><strong>petens</strong></span> <span class='ocrx_word' id='word_1_44' title='bbox 638 1103 720 1153; x_wconf 83' lang='lat' dir='ltr'><strong>eum</strong></span> <span class='ocrx_word' id='word_1_45' title='bbox 743 1083 837 1154; x_wconf 82' lang='lat' dir='ltr'><strong>forti</strong></span> <span class='ocrx_word' id='word_1_46' title='bbox 858 1082 896 1152; x_wconf 88' lang='lat' dir='ltr'>X</span> <span class='ocrx_word' id='word_1_47' title='bbox 917 1082 1034 1151; x_wconf 84' lang='lat' dir='ltr'><strong>milis.</strong></span> 
     </span>
    </p>
   </div>
   <div class='ocr_carea' id='block_1_4' title="bbox 117 1226 1137 1671">
    <p class='ocr_par' dir='ltr' id='par_1_5' title="bbox 117 1226 1137 1583">
     <span class='ocr_line' id='line_1_10' title="bbox 169 1226 1135 1315; baseline 0 -21"><span class='ocrx_word' id='word_1_48' title='bbox 169 1230 252 1296; x_wconf 87' lang='lat' dir='ltr'><strong>Vuu</strong></span> <span class='ocrx_word' id='word_1_49' title='bbox 271 1246 397 1296; x_wconf 79' lang='lat' dir='ltr'><strong>nonme</strong></span> <span class='ocrx_word' id='word_1_50' title='bbox 417 1247 534 1295; x_wconf 75' lang='lat' dir='ltr'><strong>rarus</strong></span> <span class='ocrx_word' id='word_1_51' title='bbox 551 1246 673 1297; x_wconf 80' lang='lat' dir='ltr'><strong>uncum</strong></span> <span class='ocrx_word' id='word_1_52' title='bbox 691 1246 793 1295; x_wconf 75' lang='lat' dir='ltr'><strong>murs</strong></span> <span class='ocrx_word' id='word_1_53' title='bbox 810 1245 981 1297; x_wconf 72' lang='lat' dir='ltr'><strong>securus.</strong></span> <span class='ocrx_word' id='word_1_54' title='bbox 1015 1226 1059 1312; x_wconf 91' lang='lat' dir='ltr'><strong>Is,</strong></span> <span class='ocrx_word' id='word_1_55' title='bbox 1078 1227 1135 1315; x_wconf 87' lang='lat' dir='ltr'><strong>qui</strong></span> 
     </span>
     <span class='ocr_line' id='line_1_11' title="bbox 117 1317 1137 1402; baseline -0.001 -18"><span class='ocrx_word' id='word_1_56' title='bbox 117 1335 149 1384; x_wconf 86' lang='lat'><strong>10</strong></span> <span class='ocrx_word' id='word_1_57' title='bbox 258 1320 428 1384; x_wconf 84' lang='lat' dir='ltr'><strong>videbatur</strong></span> <span class='ocrx_word' id='word_1_58' title='bbox 449 1318 555 1384; x_wconf 88' lang='lat' dir='ltr'><strong>filium</strong></span> <span class='ocrx_word' id='word_1_59' title='bbox 572 1319 705 1402; x_wconf 85' lang='lat' dir='ltr'><strong>hebere,</strong></span> <span class='ocrx_word' id='word_1_60' title='bbox 728 1320 840 1385; x_wconf 85' lang='lat' dir='ltr'><strong>decem</strong></span> <span class='ocrx_word' id='word_1_61' title='bbox 858 1318 963 1399; x_wconf 86' lang='lat' dir='ltr'><strong>milia,</strong></span> <span class='ocrx_word' id='word_1_62' title='bbox 984 1339 1059 1384; x_wconf 85' lang='lat' dir='ltr'><strong>eum</strong></span> <span class='ocrx_word' id='word_1_63' title='bbox 1077 1317 1137 1383; x_wconf 90' lang='lat' dir='ltr'><strong>ille</strong></span> 
     </span>
     <span class='ocr_line' id='line_1_12' title="bbox 258 1407 1137 1495; baseline 0.002 -23"><span class='ocrx_word' id='word_1_64' title='bbox 258 1407 389 1474; x_wconf 85' lang='lat' dir='ltr'><strong>fortiter</strong></span> <span class='ocrx_word' id='word_1_65' title='bbox 406 1407 547 1492; x_wconf 80' lang='lat' dir='ltr'><strong>fecisset,</strong></span> <span class='ocrx_word' id='word_1_66' title='bbox 570 1409 704 1495; x_wconf 80' lang='lat' dir='ltr'><strong>aceepit.</strong></span> <span class='ocrx_word' id='word_1_67' title='bbox 739 1411 856 1494; x_wconf 84' lang='lat' dir='ltr'><strong>postea</strong></span> <span class='ocrx_word' id='word_1_68' title='bbox 873 1409 1023 1473; x_wconf 81' lang='lat' dir='ltr'><strong>iuvenem</strong></span> <span class='ocrx_word' id='word_1_69' title='bbox 1040 1409 1137 1493; x_wconf 84' lang='lat' dir='ltr'><strong>pater</strong></span> 
     </span>
     <span class='ocr_line' id='line_1_13' title="bbox 258 1494 1137 1583; baseline 0.002 -21"><span class='ocrx_word' id='word_1_70' title='bbox 258 1494 418 1562; x_wconf 87' lang='lat' dir='ltr'><strong>naturalis</strong></span> <span class='ocrx_word' id='word_1_71' title='bbox 456 1499 604 1583; x_wconf 80' lang='lat' dir='ltr'><strong>agnovit,</strong></span> <span class='ocrx_word' id='word_1_72' title='bbox 642 1498 760 1565; x_wconf 87' lang='lat' dir='ltr'><strong>solutis</strong></span> <span class='ocrx_word' id='word_1_73' title='bbox 798 1497 963 1564; x_wconf 74' lang='lat' dir='ltr'><strong>alimentis</strong></span> <span class='ocrx_word' id='word_1_74' title='bbox 1000 1495 1137 1582; x_wconf 82' lang='lat' dir='ltr'><strong>recepit</strong></span> 
     </span>
    </p>

    <p class='ocr_par' dir='ltr' id='par_1_6' title="bbox 258 1585 599 1671">
     <span class='ocr_line' id='line_1_14' title="bbox 258 1585 599 1671; baseline 0 -19"><span class='ocrx_word' id='word_1_75' title='bbox 258 1585 342 1671; x_wconf 89' lang='lat' dir='ltr'><strong>petit</strong></span> <span class='ocrx_word' id='word_1_76' title='bbox 365 1585 476 1652; x_wconf 78' lang='lat' dir='ltr'><strong>decem</strong></span> <span class='ocrx_word' id='word_1_77' title='bbox 499 1585 599 1652; x_wconf 88' lang='lat' dir='ltr'><strong>milia</strong></span> 
     </span>
    </p>
   </div>
   <div class='ocr_carea' id='block_1_5' title="bbox 481 1781 819 1850">
    <p class='ocr_par' dir='ltr' id='par_1_7' title="bbox 481 1781 819 1850">
     <span class='ocr_line' id='line_1_15' title="bbox 481 1781 819 1850; baseline 0.006 -2"><span class='ocrx_word' id='word_1_78' title='bbox 481 1781 819 1850; x_wconf 76' lang='lat' dir='ltr'><strong>DECLAMATIO.</strong></span> 
     </span>
    </p>
   </div>
   <div class='ocr_carea' id='block_1_6' title="bbox 114 1906 1136 3065">
    <p class='ocr_par' dir='ltr' id='par_1_8' title="bbox 116 1906 1136 2350">
     <span class='ocr_line' id='line_1_16' title="bbox 116 1906 1134 1993; baseline 0.001 -19"><span class='ocrx_word' id='word_1_79' title='bbox 116 1925 148 1974; x_wconf 87' lang='lat'><strong>15</strong></span> <span class='ocrx_word' id='word_1_80' title='bbox 236 1906 359 1973; x_wconf 79' lang='lat' dir='ltr'><strong>Decem</strong></span> <span class='ocrx_word' id='word_1_81' title='bbox 381 1906 475 1974; x_wconf 87' lang='lat' dir='ltr'><strong>milia</strong></span> <span class='ocrx_word' id='word_1_82' title='bbox 496 1931 517 1972; x_wconf 88' lang='lat' dir='ltr'><strong>a</strong></span> <span class='ocrx_word' id='word_1_83' title='bbox 537 1930 589 1973; x_wconf 89' lang='lat' dir='ltr'><strong>me</strong></span> <span class='ocrx_word' id='word_1_84' title='bbox 607 1908 707 1993; x_wconf 86' lang='lat' dir='ltr'><strong>petis:</strong></span> <span class='ocrx_word' id='word_1_85' title='bbox 729 1928 794 1992; x_wconf 90' lang='lat' dir='ltr'><strong>quo</strong></span> <span class='ocrx_word' id='word_1_86' title='bbox 812 1907 903 1973; x_wconf 87' lang='lat' dir='ltr'><strong>iure?</strong></span> <span class='ocrx_word' id='word_1_87' title='bbox 928 1928 994 1992; x_wconf 84' lang='lat' dir='ltr'><strong>qua</strong></span> <span class='ocrx_word' id='word_1_88' title='bbox 1011 1908 1134 1975; x_wconf 77' lang='lat' dir='ltr'><strong>eausa?</strong></span> 
     </span>
     <span class='ocr_line' id='line_1_17' title="bbox 169 1995 1136 2081; baseline 0 -18"><span class='ocrx_word' id='word_1_89' title='bbox 169 1995 362 2063; x_wconf 77' lang='lat' dir='ltr'><strong>credidisti?</strong></span> <span class='ocrx_word' id='word_1_90' title='bbox 385 2019 427 2062; x_wconf 86' lang='lat' dir='ltr'><strong>an</strong></span> <span class='ocrx_word' id='word_1_91' title='bbox 451 1997 653 2081; x_wconf 77' lang='lat' dir='ltr'><strong>deposuisti?</strong></span> <span class='ocrx_word' id='word_1_92' title='bbox 677 2019 720 2062; x_wconf 89' lang='lat' dir='ltr'><strong>an</strong></span> <span class='ocrx_word' id='word_1_93' title='bbox 742 2018 784 2063; x_wconf 83' lang='lat' dir='ltr'><strong>ex</strong></span> <span class='ocrx_word' id='word_1_94' title='bbox 803 1995 939 2064; x_wconf 82' lang='lat' dir='ltr'><strong>alieuius</strong></span> <span class='ocrx_word' id='word_1_95' title='bbox 958 1997 1007 2063; x_wconf 87' lang='lat' dir='ltr'><strong>rei</strong></span> <span class='ocrx_word' id='word_1_96' title='bbox 1025 1997 1136 2065; x_wconf 80' lang='lat' dir='ltr'><strong>vendi-</strong></span> 
     </span>
     <span class='ocr_line' id='line_1_18' title="bbox 168 2085 1134 2170; baseline 0.008 -21"><span class='ocrx_word' id='word_1_97' title='bbox 168 2087 260 2150; x_wconf 84' lang='lat' dir='ltr'><strong>tione</strong></span> <span class='ocrx_word' id='word_1_98' title='bbox 281 2087 423 2170; x_wconf 89' lang='lat' dir='ltr'><strong>pretium</strong></span> <span class='ocrx_word' id='word_1_99' title='bbox 446 2086 487 2151; x_wconf 85' lang='lat' dir='ltr'><strong>ad</strong></span> <span class='ocrx_word' id='word_1_100' title='bbox 510 2089 544 2151; x_wconf 86' lang='lat' dir='ltr'><strong>te</strong></span> <span class='ocrx_word' id='word_1_101' title='bbox 567 2086 729 2170; x_wconf 88' lang='lat' dir='ltr'><strong>pertinet?</strong></span> <span class='ocrx_word' id='word_1_102' title='bbox 750 2085 834 2153; x_wconf 88' lang='lat' dir='ltr'><strong>nihil</strong></span> <span class='ocrx_word' id='word_1_103' title='bbox 855 2087 983 2153; x_wconf 84' lang='lat' dir='ltr'><strong>horum.</strong></span> <span class='ocrx_word' id='word_1_104' title='bbox 1022 2087 1134 2157; x_wconf 85' lang='lat' dir='ltr'><strong>nullus</strong></span> 
     </span>
     <span class='ocr_line' id='line_1_19' title="bbox 169 2175 1136 2261; baseline 0.004 -23"><span class='ocrx_word' id='word_1_105' title='bbox 169 2175 255 2239; x_wconf 88' lang='lat' dir='ltr'><strong>inter</strong></span> <span class='ocrx_word' id='word_1_106' title='bbox 277 2195 338 2239; x_wconf 89' lang='lat' dir='ltr'><strong>nos</strong></span> <span class='ocrx_word' id='word_1_107' title='bbox 358 2177 544 2240; x_wconf 87' lang='lat' dir='ltr'><strong>eontraetus</strong></span> <span class='ocrx_word' id='word_1_108' title='bbox 562 2175 639 2242; x_wconf 87' lang='lat' dir='ltr'><strong>fuit:</strong></span> <span class='ocrx_word' id='word_1_109' title='bbox 661 2175 730 2242; x_wconf 88' lang='lat' dir='ltr'><strong>nisi</strong></span> <span class='ocrx_word' id='word_1_110' title='bbox 745 2175 832 2261; x_wconf 88' lang='lat' dir='ltr'><strong>quod</strong></span> <span class='ocrx_word' id='word_1_111' title='bbox 850 2175 934 2241; x_wconf 91' lang='lat' dir='ltr'><strong>mihi</strong></span> <span class='ocrx_word' id='word_1_112' title='bbox 950 2197 1055 2260; x_wconf 85' lang='lat' dir='ltr'><strong>nuper</strong></span> <span class='ocrx_word' id='word_1_113' title='bbox 1073 2176 1136 2242; x_wconf 90' lang='lat' dir='ltr'><strong>ali-</strong></span> 
     </span>
     <span class='ocr_line' id='line_1_20' title="bbox 168 2261 1134 2350; baseline 0.005 -22"><span class='ocrx_word' id='word_1_114' title='bbox 168 2262 250 2347; x_wconf 86' lang='lat' dir='ltr'><strong>quid</strong></span> <span class='ocrx_word' id='word_1_115' title='bbox 271 2261 422 2329; x_wconf 86' lang='lat' dir='ltr'><strong>debuisti.</strong></span> <span class='ocrx_word' id='word_1_116' title='bbox 469 2262 576 2348; x_wconf 79' lang='lat' dir='ltr'><strong>legem</strong></span> <span class='ocrx_word' id='word_1_117' title='bbox 604 2264 727 2350; x_wconf 78' lang='lat' dir='ltr'><strong>adfers,</strong></span> <span class='ocrx_word' id='word_1_118' title='bbox 754 2287 819 2349; x_wconf 87' lang='lat' dir='ltr'><strong>que</strong></span> <span class='ocrx_word' id='word_1_119' title='bbox 841 2265 930 2350; x_wconf 83' lang='lat' dir='ltr'><strong>patri</strong></span> <span class='ocrx_word' id='word_1_120' title='bbox 951 2265 1015 2330; x_wconf 86' lang='lat' dir='ltr'><strong>viri</strong></span> <span class='ocrx_word' id='word_1_121' title='bbox 1035 2265 1134 2333; x_wconf 87' lang='lat' dir='ltr'><strong>fortis</strong></span> 
     </span>
    </p>

    <p class='ocr_par' dir='ltr' id='par_1_9' title="bbox 115 2351 1135 2797">
     <span class='ocr_line' id='line_1_21' title="bbox 115 2351 1135 2441; baseline 0.005 -25"><span class='ocrx_word' id='word_1_122' title='bbox 115 2370 150 2420; x_wconf 81' lang='lat'><strong>20</strong></span> <span class='ocrx_word' id='word_1_123' title='bbox 168 2352 279 2418; x_wconf 80' lang='lat' dir='ltr'><strong>desem</strong></span> <span class='ocrx_word' id='word_1_124' title='bbox 301 2351 395 2418; x_wconf 82' lang='lat' dir='ltr'><strong>milia</strong></span> <span class='ocrx_word' id='word_1_125' title='bbox 417 2352 489 2419; x_wconf 84' lang='lat' dir='ltr'><strong>dari</strong></span> <span class='ocrx_word' id='word_1_126' title='bbox 510 2355 655 2438; x_wconf 84' lang='lat' dir='ltr'><strong>oportet;</strong></span> <span class='ocrx_word' id='word_1_127' title='bbox 678 2355 771 2421; x_wconf 86' lang='lat' dir='ltr'><strong>euius</strong></span> <span class='ocrx_word' id='word_1_128' title='bbox 790 2355 919 2441; x_wconf 88' lang='lat' dir='ltr'><strong>quidem</strong></span> <span class='ocrx_word' id='word_1_129' title='bbox 939 2376 1085 2423; x_wconf 85' lang='lat' dir='ltr'><strong>summae</strong></span> <span class='ocrx_word' id='word_1_130' title='bbox 1104 2355 1135 2421; x_wconf 92' lang='lat' dir='ltr'><strong>si</strong></span> 
     </span>
     <span class='ocr_line' id='line_1_22' title="bbox 167 2440 1135 2531; baseline 0.008 -24"><span class='ocrx_word' id='word_1_131' title='bbox 167 2461 235 2509; x_wconf 89' lang='lat' dir='ltr'><strong>non</strong></span> <span class='ocrx_word' id='word_1_132' title='bbox 257 2445 442 2527; x_wconf 74' lang='lat' dir='ltr'><strong>praestetur</strong></span> <span class='ocrx_word' id='word_1_133' title='bbox 467 2441 562 2527; x_wconf 84' lang='lat' dir='ltr'><strong>fides,</strong></span> <span class='ocrx_word' id='word_1_134' title='bbox 588 2444 705 2528; x_wconf 86' lang='lat' dir='ltr'><strong>petitio</strong></span> <span class='ocrx_word' id='word_1_135' title='bbox 733 2440 784 2530; x_wconf 89' lang='lat' dir='ltr'><strong>(ut</strong></span> <span class='ocrx_word' id='word_1_136' title='bbox 811 2440 942 2531; x_wconf 83' lang='lat' dir='ltr'><strong>opinor)</strong></span> <span class='ocrx_word' id='word_1_137' title='bbox 970 2467 991 2509; x_wconf 89' lang='lat' dir='ltr'><strong>a</strong></span> <span class='ocrx_word' id='word_1_138' title='bbox 1013 2465 1049 2511; x_wconf 88' lang='lat' dir='ltr'><strong>re</strong></span> <span class='ocrx_word' id='word_1_139' title='bbox 1076 2464 1135 2530; x_wconf 78' lang='lat' dir='ltr'><strong>pu·</strong></span> 
     </span>
     <span class='ocr_line' id='line_1_23' title="bbox 168 2531 1134 2618; baseline 0.01 -22"><span class='ocrx_word' id='word_1_140' title='bbox 168 2531 256 2598; x_wconf 78' lang='lat' dir='ltr'><strong>blica</strong></span> <span class='ocrx_word' id='word_1_141' title='bbox 279 2535 338 2598; x_wconf 87' lang='lat' dir='ltr'><strong>est</strong></span> <span class='ocrx_word' id='word_1_142' title='bbox 369 2553 446 2598; x_wconf 88' lang='lat' dir='ltr'><strong>nam</strong></span> <span class='ocrx_word' id='word_1_143' title='bbox 464 2532 586 2599; x_wconf 85' lang='lat' dir='ltr'><strong>utiam</strong></span> <span class='ocrx_word' id='word_1_144' title='bbox 605 2537 741 2618; x_wconf 80' lang='lat' dir='ltr'><strong>constet,</strong></span> <span class='ocrx_word' id='word_1_145' title='bbox 763 2535 835 2599; x_wconf 90' lang='lat' dir='ltr'><strong>uter</strong></span> <span class='ocrx_word' id='word_1_146' title='bbox 854 2534 999 2618; x_wconf 86' lang='lat' dir='ltr'><strong>aeeipere</strong></span> <span class='ocrx_word' id='word_1_147' title='bbox 1017 2533 1134 2606; x_wconf 60' lang='lat' dir='ltr'><strong>debus</strong></span> 
     </span>
     <span class='ocr_line' id='line_1_24' title="bbox 168 2621 1134 2706; baseline 0.007 -22"><span class='ocrx_word' id='word_1_148' title='bbox 168 2621 225 2703; x_wconf 88' lang='lat' dir='ltr'><strong>rit,</strong></span> <span class='ocrx_word' id='word_1_149' title='bbox 254 2621 336 2686; x_wconf 90' lang='lat' dir='ltr'><strong>illud</strong></span> <span class='ocrx_word' id='word_1_150' title='bbox 359 2624 470 2689; x_wconf 84' lang='lat' dir='ltr'><strong>tamen</strong></span> <span class='ocrx_word' id='word_1_151' title='bbox 493 2623 691 2706; x_wconf 87' lang='lat' dir='ltr'><strong>respondeas</strong></span> <span class='ocrx_word' id='word_1_152' title='bbox 714 2623 796 2688; x_wconf 94' lang='lat' dir='ltr'><strong>mihi</strong></span> <span class='ocrx_word' id='word_1_153' title='bbox 818 2622 930 2703; x_wconf 83' lang='lat' dir='ltr'><strong>velim,</strong></span> <span class='ocrx_word' id='word_1_154' title='bbox 957 2622 1031 2706; x_wconf 88' lang='lat' dir='ltr'><strong>quis</strong></span> <span class='ocrx_word' id='word_1_155' title='bbox 1056 2622 1134 2691; x_wconf 86' lang='lat' dir='ltr'><strong>dare</strong></span> 
     </span>
     <span class='ocr_line' id='line_1_25' title="bbox 167 2708 1132 2797; baseline 0.005 -24"><span class='ocrx_word' id='word_1_156' title='bbox 167 2708 325 2774; x_wconf 85' lang='lat' dir='ltr'><strong>debuerit</strong></span> <span class='ocrx_word' id='word_1_157' title='bbox 360 2711 388 2775; x_wconf 90' lang='lat' dir='ltr'><strong>si</strong></span> <span class='ocrx_word' id='word_1_158' title='bbox 411 2711 498 2795; x_wconf 89' lang='lat' dir='ltr'><strong>petri</strong></span> <span class='ocrx_word' id='word_1_159' title='bbox 516 2712 661 2792; x_wconf 90' lang='lat' dir='ltr'><strong>debetur,</strong></span> <span class='ocrx_word' id='word_1_160' title='bbox 685 2711 782 2778; x_wconf 89' lang='lat' dir='ltr'><strong>debet</strong></span> <span class='ocrx_word' id='word_1_161' title='bbox 799 2733 852 2777; x_wconf 87' lang='lat' dir='ltr'><strong>res</strong></span> <span class='ocrx_word' id='word_1_162' title='bbox 872 2711 1014 2797; x_wconf 86' lang='lat' dir='ltr'><strong>publiea.</strong></span> <span class='ocrx_word' id='word_1_163' title='bbox 1045 2712 1132 2778; x_wconf 82' lang='lat' dir='ltr'><strong>vide·</strong></span> 
     </span>
    </p>

    <p class='ocr_par' dir='ltr' id='par_1_10' title="bbox 114 2799 1134 3065">
     <span class='ocr_line' id='line_1_26' title="bbox 114 2799 1134 2886; baseline 0.004 -23"><span class='ocrx_word' id='word_1_164' title='bbox 114 2799 284 2881; x_wconf 71' lang='lat' dir='ltr'><strong>serimus,</strong></span> <span class='ocrx_word' id='word_1_165' title='bbox 313 2821 356 2864; x_wconf 90' lang='lat' dir='ltr'><strong>an</strong></span> <span class='ocrx_word' id='word_1_166' title='bbox 383 2819 444 2884; x_wconf 84' lang='lat' dir='ltr'><strong>ego</strong></span> <span class='ocrx_word' id='word_1_167' title='bbox 473 2822 493 2865; x_wconf 84' lang='lat' dir='ltr'><strong>a</strong></span> <span class='ocrx_word' id='word_1_168' title='bbox 515 2801 649 2867; x_wconf 81' lang='lat' dir='ltr'><strong>civitate</strong></span> <span class='ocrx_word' id='word_1_169' title='bbox 676 2805 763 2867; x_wconf 87' lang='lat' dir='ltr'><strong>reete</strong></span> <span class='ocrx_word' id='word_1_170' title='bbox 787 2801 978 2886; x_wconf 80' lang='lat' dir='ltr'><strong>aeceperim:</strong></span> <span class='ocrx_word' id='word_1_171' title='bbox 1007 2805 1045 2867; x_wconf 87' lang='lat' dir='ltr'><strong>tu</strong></span> <span class='ocrx_word' id='word_1_172' title='bbox 1065 2823 1134 2869; x_wconf 86' lang='lat' dir='ltr'><strong>non</strong></span> 
     </span>
     <span class='ocr_line' id='line_1_27' title="bbox 167 2889 1133 2980; baseline 0.009 -28"><span class='ocrx_word' id='word_1_173' title='bbox 167 2891 263 2972; x_wconf 91' lang='lat' dir='ltr'><strong>potes</strong></span> <span class='ocrx_word' id='word_1_174' title='bbox 292 2889 450 2974; x_wconf 78' lang='lat' dir='ltr'><strong>arripere,</strong></span> <span class='ocrx_word' id='word_1_175' title='bbox 477 2889 543 2955; x_wconf 90' lang='lat' dir='ltr'><strong>nisi</strong></span> <span class='ocrx_word' id='word_1_176' title='bbox 573 2913 593 2957; x_wconf 88' lang='lat' dir='ltr'><strong>a</strong></span> <span class='ocrx_word' id='word_1_177' title='bbox 615 2891 756 2957; x_wconf 82' lang='lat' dir='ltr'><strong>civitate.</strong></span> <span class='ocrx_word' id='word_1_178' title='bbox 802 2891 856 2980; x_wconf 87' lang='lat' dir='ltr'><strong>At</strong></span> <span class='ocrx_word' id='word_1_179' title='bbox 871 2912 933 2977; x_wconf 84' lang='lat' dir='ltr'><strong>ego</strong></span> <span class='ocrx_word' id='word_1_180' title='bbox 957 2891 1067 2976; x_wconf 83' lang='lat' dir='ltr'><strong>accepi</strong></span> <span class='ocrx_word' id='word_1_181' title='bbox 1089 2890 1133 2974; x_wconf 81' lang='lat' dir='ltr'><strong>id,</strong></span> 
     </span>
     <span class='ocr_line' id='line_1_28' title="bbox 169 2976 1134 3065; baseline 0.004 -25"><span class='ocrx_word' id='word_1_182' title='bbox 169 2976 255 3061; x_wconf 90' lang='lat' dir='ltr'><strong>quod</strong></span> <span class='ocrx_word' id='word_1_183' title='bbox 278 2977 340 3043; x_wconf 91' lang='lat' dir='ltr'><strong>tibi</strong></span> <span class='ocrx_word' id='word_1_184' title='bbox 361 2978 564 3044; x_wconf 87' lang='lat' dir='ltr'><strong>debebatur?</strong></span> <span class='ocrx_word' id='word_1_185' title='bbox 617 2980 702 3046; x_wconf 85' lang='lat' dir='ltr'><strong>Puta</strong></span> <span class='ocrx_word' id='word_1_186' title='bbox 720 3003 772 3045; x_wconf 91' lang='lat' dir='ltr'><strong>me</strong></span> <span class='ocrx_word' id='word_1_187' title='bbox 795 2981 830 3045; x_wconf 90' lang='lat' dir='ltr'><strong>in</strong></span> <span class='ocrx_word' id='word_1_188' title='bbox 852 2980 1037 3065; x_wconf 85' lang='lat' dir='ltr'><strong>praesentia</strong></span> <span class='ocrx_word' id='word_1_189' title='bbox 1059 3001 1134 3046; x_wconf 83' lang='lat' dir='ltr'><strong>eon·</strong></span> 
     </span>
    </p>
   </div>
   <div class='ocr_carea' id='block_1_7' title="bbox 155 3171 1172 3528">
    <p class='ocr_par' dir='ltr' id='par_1_11' title="bbox 155 3171 1172 3528">
     <span class='ocr_line' id='line_1_29' title="bbox 238 3171 1132 3246; baseline 0.006 -21"><span class='ocrx_word' id='word_1_190' title='bbox 238 3176 254 3225; x_wconf 80' lang='lat'><strong>3</strong></span> <span class='ocrx_word' id='word_1_191' title='bbox 273 3171 448 3228; x_wconf 83' lang='lat' dir='ltr'><strong>novissemus</strong></span> <span class='ocrx_word' id='word_1_192' title='bbox 465 3176 487 3225; x_wconf 78' lang='lat' dir='ltr'>B</span> <span class='ocrx_word' id='word_1_193' title='bbox 510 3172 519 3242; x_wconf 72' lang='lat' dir='ltr'>fl</span> <span class='ocrx_word' id='word_1_194' title='bbox 543 3177 559 3228; x_wconf 78' lang='lat'><strong>5</strong></span> <span class='ocrx_word' id='word_1_195' title='bbox 578 3172 758 3229; x_wconf 83' lang='lat' dir='ltr'><strong>abominetur</strong></span> <span class='ocrx_word' id='word_1_196' title='bbox 775 3176 854 3229; x_wconf 73' lang='grc' dir='ltr'>Η</span> <span class='ocrx_word' id='word_1_197' title='bbox 880 3176 890 3246; x_wconf 84' lang='grc' dir='ltr'><strong>ΙΙ</strong></span> <span class='ocrx_word' id='word_1_198' title='bbox 918 3179 951 3230; x_wconf 87' lang='grc'><strong>10</strong></span> <span class='ocrx_word' id='word_1_199' title='bbox 970 3174 1070 3231; x_wconf 79' lang='lat' dir='ltr'><strong>desem</strong></span> <span class='ocrx_word' id='word_1_200' title='bbox 1089 3173 1132 3230; x_wconf 85' lang='lat' dir='ltr'><strong>·X·</strong></span> 
     </span>
     <span class='ocr_line' id='line_1_30' title="bbox 166 3243 1172 3320; baseline 0.005 -25"><span class='ocrx_word' id='word_1_201' title='bbox 166 3246 215 3295; x_wconf 77' lang='lat' dir='ltr'><strong>AB</strong></span> <span class='ocrx_word' id='word_1_202' title='bbox 233 3243 278 3298; x_wconf 76' lang='lat' dir='ltr'><strong>bie</strong></span> <span class='ocrx_word' id='word_1_203' title='bbox 296 3249 322 3298; x_wconf 79' lang='lat' dir='ltr'><strong>et</strong></span> <span class='ocrx_word' id='word_1_204' title='bbox 336 3249 433 3314; x_wconf 82' lang='lat' dir='ltr'><strong>postea</strong></span> <span class='ocrx_word' id='word_1_205' title='bbox 451 3246 562 3314; x_wconf 74' lang='lat' dir='ltr'><strong>saepius</strong></span> <span class='ocrx_word' id='word_1_206' title='bbox 588 3247 598 3315; x_wconf 85' lang='grc' dir='ltr'><strong>ΙΙ</strong></span> <span class='ocrx_word' id='word_1_207' title='bbox 626 3251 659 3300; x_wconf 84' lang='grc'><strong>18</strong></span> <span class='ocrx_word' id='word_1_208' title='bbox 679 3247 879 3305; x_wconf 80' lang='lat' dir='ltr'><strong>eontraetus</strong></span> <span class='ocrx_word' id='word_1_209' title='bbox 897 3250 920 3299; x_wconf 83' lang='grc' dir='ltr'><strong>Δ</strong></span> <span class='ocrx_word' id='word_1_210' title='bbox 943 3245 953 3316; x_wconf 87' lang='grc' dir='ltr'><strong>ΙΙ</strong></span> <span class='ocrx_word' id='word_1_211' title='bbox 977 3251 1010 3301; x_wconf 82' lang='grc'><strong>19</strong></span> <span class='ocrx_word' id='word_1_212' title='bbox 1029 3246 1074 3302; x_wconf 82' lang='lat' dir='ltr'><strong>vir</strong></span> <span class='ocrx_word' id='word_1_213' title='bbox 1091 3247 1132 3320; x_wconf 61' lang='lat' dir='ltr'><strong>Bit</strong></span> <span class='ocrx_word' id='word_1_214' title='bbox 1168 3250 1172 3259; x_wconf 86' lang='lat'>&#39;</span> 
     </span>
     <span class='ocr_line' id='line_1_31' title="bbox 166 3312 1132 3389; baseline 0.008 -22"><span class='ocrx_word' id='word_1_215' title='bbox 166 3319 200 3368; x_wconf 79' lang='lat'><strong>2³</strong></span> <span class='ocrx_word' id='word_1_216' title='bbox 223 3312 296 3368; x_wconf 86' lang='lat' dir='ltr'><strong>illud</strong></span> <span class='ocrx_word' id='word_1_217' title='bbox 314 3317 335 3371; x_wconf 90' lang='lat' dir='ltr'><strong>t.</strong></span> <span class='ocrx_word' id='word_1_218' title='bbox 353 3333 375 3369; x_wconf 86' lang='lat' dir='ltr'><strong>r.</strong></span> <span class='ocrx_word' id='word_1_219' title='bbox 394 3332 431 3370; x_wconf 91' lang='lat' dir='ltr'><strong>m.</strong></span> <span class='ocrx_word' id='word_1_220' title='bbox 449 3333 476 3371; x_wconf 84' lang='lat' dir='ltr'><strong>v.</strong></span> <span class='ocrx_word' id='word_1_221' title='bbox 496 3334 523 3387; x_wconf 92' lang='lat' dir='ltr'><strong>q.</strong></span> <span class='ocrx_word' id='word_1_222' title='bbox 543 3317 568 3370; x_wconf 91' lang='lat' dir='ltr'><strong>d.</strong></span> <span class='ocrx_word' id='word_1_223' title='bbox 590 3317 719 3372; x_wconf 77' lang='lat' dir='ltr'><strong>debuerit</strong></span> <span class='ocrx_word' id='word_1_224' title='bbox 736 3321 826 3372; x_wconf 70' lang='lat' dir='ltr'><strong>om</strong></span> <span class='ocrx_word' id='word_1_225' title='bbox 850 3319 859 3387; x_wconf 86' lang='grc' dir='ltr'><strong>ΙΙ</strong></span> <span class='ocrx_word' id='word_1_226' title='bbox 881 3316 985 3374; x_wconf 83' lang='lat' dir='ltr'><strong>vellem</strong></span> <span class='ocrx_word' id='word_1_227' title='bbox 1008 3322 1062 3389; x_wconf 74' lang='lat' dir='ltr'><strong>Aa,</strong></span> <span class='ocrx_word' id='word_1_228' title='bbox 1084 3336 1132 3375; x_wconf 84' lang='lat' dir='ltr'><strong>ve·</strong></span> 
     </span>
     <span class='ocr_line' id='line_1_32' title="bbox 165 3384 1131 3458; baseline 0.01 -20"><span class='ocrx_word' id='word_1_229' title='bbox 165 3384 223 3439; x_wconf 90' lang='lat' dir='ltr'><strong>lem</strong></span> <span class='ocrx_word' id='word_1_230' title='bbox 241 3390 281 3439; x_wconf 78' lang='lat' dir='ltr'><strong>Ab</strong></span> <span class='ocrx_word' id='word_1_231' title='bbox 295 3385 305 3456; x_wconf 73' lang='lat' dir='ltr'>fl</span> <span class='ocrx_word' id='word_1_232' title='bbox 317 3387 416 3443; x_wconf 87' lang='lat' dir='ltr'><strong>darem</strong></span> <span class='ocrx_word' id='word_1_233' title='bbox 434 3391 457 3440; x_wconf 83' lang='grc' dir='ltr'><strong>Δ</strong></span> <span class='ocrx_word' id='word_1_234' title='bbox 474 3389 484 3456; x_wconf 86' lang='grc' dir='ltr'><strong>ΙΙ</strong></span> <span class='ocrx_word' id='word_1_235' title='bbox 503 3391 537 3442; x_wconf 76' lang='lat'><strong>25</strong></span> <span class='ocrx_word' id='word_1_236' title='bbox 555 3390 630 3444; x_wconf 86' lang='lat' dir='ltr'><strong>reete</strong></span> <span class='ocrx_word' id='word_1_237' title='bbox 650 3404 675 3444; x_wconf 86' lang='lat' dir='ltr'><strong>a.</strong></span> <span class='ocrx_word' id='word_1_238' title='bbox 694 3390 715 3443; x_wconf 90' lang='lat' dir='ltr'><strong>t.</strong></span> <span class='ocrx_word' id='word_1_239' title='bbox 734 3407 761 3444; x_wconf 90' lang='lat' dir='ltr'><strong>n.</strong></span> <span class='ocrx_word' id='word_1_240' title='bbox 779 3405 807 3458; x_wconf 85' lang='lat' dir='ltr'><strong>p.</strong></span> <span class='ocrx_word' id='word_1_241' title='bbox 822 3405 846 3445; x_wconf 83' lang='lat' dir='ltr'><strong>a.</strong></span> <span class='ocrx_word' id='word_1_242' title='bbox 861 3395 888 3448; x_wconf 83' lang='lat' dir='ltr'><strong>n.</strong></span> <span class='ocrx_word' id='word_1_243' title='bbox 904 3406 929 3447; x_wconf 90' lang='lat' dir='ltr'><strong>a.</strong></span> <span class='ocrx_word' id='word_1_244' title='bbox 945 3388 1062 3446; x_wconf 76' lang='lat' dir='ltr'><strong>diritate</strong></span> <span class='ocrx_word' id='word_1_245' title='bbox 1080 3406 1131 3448; x_wconf 76' lang='lat' dir='ltr'><strong>em.</strong></span> 
     </span>
     <span class='ocr_line' id='line_1_33' title="bbox 155 3456 427 3528; baseline 0.022 -19"><span class='ocrx_word' id='word_1_246' title='bbox 155 3456 255 3524; x_wconf 63' lang='grc' dir='ltr'><strong>ΒΜ</strong></span> <span class='ocrx_word' id='word_1_247' title='bbox 266 3460 370 3528; x_wconf 83' lang='lat' dir='ltr'><strong>potest</strong></span> <span class='ocrx_word' id='word_1_248' title='bbox 383 3463 427 3515; x_wconf 74' lang='lat' dir='ltr'><strong>Aa</strong></span> 
     </span>
    </p>
   </div>
   <div class='ocr_carea' id='block_1_8' title="bbox 0 0 1198 3816">
    <p class='ocr_par' dir='ltr' id='par_1_12' title="bbox 0 0 1198 3816">
     <span class='ocr_line' id='line_1_34' title="bbox 0 0 1198 3816; baseline 0 0"><span class='ocrx_word' id='word_1_249' title='bbox 0 0 1198 3816; x_wconf 95' lang='lat' dir='ltr'><strong> </strong></span> 
     </span>
    </p>
   </div>
  </div>
 </body>
</html>
