2386 3816
347 164 666 224 DECLAMA‘PIONES.
685 166 852 224 cccxxur.
1017 172 1080 236 119

111 350 223 396 neres:
247 329 394 396 detracto
416 351 490 395 aere
509 312 615 396 alieno
635 331 731 414 omni,
754 332 907 398 detractis
928 335 1079 400 oneribus

110 420 275 485 bonorum
308 418 393 504 quod
420 419 583 484 residuum
612 440 651 484 ex
678 421 873 502 patrimonio
896 422 1024 508 fuisset,
1047 424 1080 488 id

110 508 179 574 tibi
200 508 255 573 lex
277 507 477 574 concederet.
500 528 595 592 quem
617 508 719 592 igitur
741 510 902 576 calculum
920 533 995 577 cum
1014 513 1079 578 alio

109 597 283 683 posuisses,
305 617 409 683 pones
428 616 558 662 necesse
578 599 762 663 esttecum.
793 620 870 664 nam
888 602 1080 684 patrimonii

111 687 151 753 in
176 685 279 752 elium
300 685 473 752 sancituri
495 706 535 751 ea
556 685 641 751 ratio
660 690 720 770 est,
741 691 780 752 ut
797 687 939 772 primurn
957 689 1078 756 credito
1092 694 1114 755 'o

114 775 268 841 satisfiat.
311 778 440 860 partem
470 778 637 860 tamquam
660 774 788 842 debitor
811 778 925 862 solvit,
951 781 1079 863 partem

113 868 286 949 tamwam
319 864 459 929 creditor
491 864 619 949 accipis.
670 864 769 929 etiam
800 887 887 931 nunc
917 867 1078 952 fingemus

113 953 202 1019 alios
221 952 398 1019 creditores
417 957 451 1019 et
469 951 551 1018 nihii
565 952 601 1018 in
613 953 811 1036 patrimonio
825 952 1079 1040 quod‘supersit3

112 1042 150 1108 id
169 1047 206 1109 ut
226 1041 431 1108 manifestius
452 1045 549 1127 atque
568 1042 712 1125 apertius
732 1042 847 1128 dicam,
866 1045 933 1110 sint
952 1066 1078 1129 posses·

112 1131 224 1197 siones
246 1130 324 1197 huic
347 1129 556 1216 deprehenso,
579 1131 646 1196 sint
664 1131 835 1217 mancipia,
859 1133 1012 1218 supellex,
1035 1134 1079 1198 sit
1099 1149 1132 1198 ιο

110 1243 169 1286 aee
193 1221 344 1304 alienum,
367 1220 419 1285 cui
442 1219 509 1285 aeri
530 1219 636 1285 alieno
655 1242 722 1285 non
741 1221 905 1288 sufficiant
924 1243 970 1306 ea,
994 1232 1077 1306 quae

110 1310 151 1375 in
172 1309 369 1394 patrimonio
394 1312 483 1374 sunt:
512 1309 684 1393 occupabis
705 1311 879 1395 mancipia,
902 1311 1078 1396 occupabis

110 1398 363 1484 supellectilem,
391 1397 566 1464 creditores
593 1400 707 1464 inanes
736 1400 879 1484 excuties
907 1404 1004 1485 atque
1032 1400 1077 1464 di·

110 1486 249 1555 mittes?
271 1509 339 1553 non
360 1488 471 1573 potest
491 1487 554 1552 hoc
577 1509 716 1574 aequum
738 1488 839 1555 videri
860 1489 991 1556 tibimet
1013 1489 1078 1573 ipsi

110 1576 305 1644 faeneranti.
349 1576 460 1643 omnia
485 1575 587 1663 igitur
614 1599 664 1660 ea,
691 1599 775 1664 quae
806 1581 1014 1665 apparerent,
1042 1578 1077 1642 in
1097 1594 1131 1642 15

111 1664 273 1732 creditum
301 1666 392 1731 etin
415 1686 470 1731 aes
493 1665 637 1732 alienum
658 1667 868 1750 transissent,
890 1671 945 1751 tu,
968 1664 1078 1752 quam-

109 1756 167 1845 ,vis
186 1752 296 1842 legem
317 1755 470 1839 haberes,
493 1777 557 1840 qua
578 1755 640 1821 tibi
659 1755 798 1821 adulteri
815 1755 907 1821 ⁴bona
929 1755 1080 1821 deberen-

111 1849 182 1929 tur,
208 1844 293 1911 nihil
320 1848 431 1911 umen
460 1864 499 1908 ex
522 1843 591 1909 eius
615 1842 887 1928 adulteri'bonis,
915 1843 971 1928 qui
995 1843 1080 1933 nihil

111 1933 262 2014 haberet,
290 1933 477 2021 recepisses.
527 1932 573 1998 sic
603 1953 683 2019 ergo
711 1936 819 1999 tecum
848 1920 976 1997 debitor
1003 1936 1078 2017 tuus

113 2022 273 2110 loquitur:
295 2022 401 2090 »bona
423 2043 505 2106 mea,
527 2021 639 2106 idest,
662 2021 748 2106 quod
767 2019 908 2087 liberum
925 2019 961 2085 in
976 2019 1079 2106 patri·
1098 2036 1133 2084 20

113 2113 226 2180 monio
264 2135 337 2179 meo
374 2115 425 2179 est
459 2114 492 2177 et
525 2109 610 2195 quod
645 2110 775 2196 proprie
812 2132 932 2195 meum,
975 2109 1014 2175 ad
1047 2112 1080 2175 te

112 2203 256 2268 transire
279 2201 376 2269 debet
396 2202 479 2288 lege.
523 2198 613 2286 prius
636 2199 741 2266 solvo:
777 2203 810 2265 et
838 2198 915 2285 quid
943 2198 1081 2264 interest

114 2312 177 2378 ego
201 2291 337 2377 solvam,
360 2313 403 2356 an
425 2295 463 2357 tu
486 2288 654 2355 auferasic
698 2287 775 2355 Non
796 2286 895 2354 debet
918 2308 995 2374 ergo
1018 2287 1080 2353 tibi

112 2382 151 2466 is,
179 2382 232 2447 cui
258 2381 429 2468 pecuniam
451 2378 632 2446 credidisti:
662 2377 896 2443 multominus
921 2397 995 2462 ego,
1024 2377 1080 2461 qui

113 2471 262 2556 profecto
295 2470 419 2536 solutus
452 2485 537 2554 sum,
569 2467 598 2534 si
626 2469 713 2534 ubter
743 2468 810 2533 iam
842 2467 949 2533 solvit.
1003 2464 1080 2549 quid
1099 2479 1134 2528 25

113 2561 201 2626 enim
228 2559 375 2645 alioquin
400 2558 516 2625 facere-
533 2577 586 2624 me
613 2557 685 2623 vis?
721 2557 851 2641 integro
880 2557 968 2621 statu
991 2553 1079 2619 debi-

112 2650 198 2716 toris
225 2648 291 2714 mei
320 2648 348 2713 si
371 2670 391 2712 a
413 2668 465 2712 me
487 2650 598 2733 petere
621 2645 807 2729 maluisses,
836 2643 877 2709 ad
899 2643 1080 2710 debitorem

114 2740 307 2823 reverterer;
335 2737 365 2803 si
392 2736 520 2803 debitor
547 2734 740 2801 decessisset
767 2737 801 2800 et
828 2732 915 2798 bona
947 2731 1081 2799 eiusad

112 2818 268 2894 heredem
290 2825 524 2911 pervenissent,
552 2824 593 2890 ed
615 2823 769 2890 heredem
791 2821 940 2908 redirem,
964 2821 997 2887 id
1021 2825 1080 2905 est,

114 2916 202 2984 bona
220 2926 431 3003 persequerer
448 2913 648 3001 patrimonii,
670 2932 730 2998 pro
749 2935 814 2998 quo
834 2932 895 2998 ego
910 2910 1078 2996 spopondi.
1098 2925 1133 2974 30

114 3006 229 3089 †idem
252 3028 296 3084 es
309 3007 416 3090 reu's,†
439 3010 540 3091 aquo
558 3003 608 3069 fui
625 3001 831 3088 repetiturus,
854 3001 884 3066 si
902 3000 979 3085 quid
997 3003 1080 3065 tam-

115 3199 175 3240 s„
188 3111 378 3239 sess
393 3105 1012 3263 ireres-eseam
1025 3105 1029 3243 t
1042 3109 1082 3255 ‚e

116 3254 250 3311 demittes
269 3254 389 3326 nult
406 3252 551 3321 timetBtt
567 3256 599 3306 16
617 3268 647 3305 m
666 3264 714 3304 eas
732 3247 826 3318 ΛΜΞ
841 3247 1082 3318 legemBflpnue

118 3323 291 3454 witam>
308 3326 360 3380 sol.
378 3324 423 3408 Rp
436 3326 446 3396 11
459 3329 494 3379 28
513 3322 625 3378 deceset
642 3326 684 3375 Aa
695 3323 706 3394 ῃ
719 3326 754 3375 29
771 3317 971 3389 *perv-errirent
991 3321 1018 3400 ct
1037 3332 1083 3384 re-

178 3414 223 3453 em
244 3401 294 3451 AB
318 3399 327 3467 fl
351 3396 479 3451 elidem
497 3409 572 3450 esses
594 3408 658 3448 reus
677 3393 729 3461 Gr,
747 3393 824 3448 meet
843 3388 912 3457 Solu
928 3389 1038 3444 uotam:
1055 3390 1089 3441 ot

115 3471 192 3523 essct
206 3469 325 3536 reusffa
343 3486 371 3536 q.
389 3466 489 3538 fugere
507 3467 655 3541 petiturus
673 3471 707 3542 A,
726 3485 746 3526 a
764 3485 795 3541 o.
813 3463 863 3524 sui
876 3478 942 3536 reb·
953 3466 978 3514 ἲ
