2386 3816
176 155 241 224 282
541 155 773 223 QUINTILIANI

175 343 371 407 quamquam
400 324 524 387 seoreto
548 320 696 405 scriptos.
740 319 850 404 potuit
877 338 955 403 ergo
985 340 1080 386 amor
1108 320 1146 386 in

175 431 273 476 eausa
291 432 370 493 esse,
392 409 501 493 potuit
518 410 591 494 ipsa
603 407 779 494 pudicitiae
795 407 968 474 admiratio
986 408 1022 474 in
1040 429 1144 475 eausa

168 498 286 565 fuisse.
305 499 381 581 feeit
392 500 552 565 virtutum
561 498 766 564 intellectum
774 518 885 562 rerum
897 500 1025 582 natura.
1048 498 1145 564 nulla

175 591 269 654 tanta
291 588 373 655 vitia
397 592 483 671 sunt,
497 608 588 673 quae
609 608 676 652 non
698 585 836 652 meliora
858 586 1027 652 mirentur.

140 694 156 745 5
244 674 307 742 sed
329 680 487 762 quatenus
512 677 729 760 suspicamur,
751 675 863 740 videor
884 674 1072 760 perspicere
1093 698 1170 742 rar

174 765 311 850 tionem,
344 787 441 850 quare
472 766 535 831 hoo
567 765 630 830 tibi
657 763 868 830 mandaverit
916 763 1062 829 nondum
1085 764 1147 830 illa

175 854 299 939 opinio,
332 854 477 919 nondum
508 857 689 920 aecusator:
727 853 814 918 rides
843 852 939 938 hae03
970 856 1146 938 tamquam

175 944 217 1008 ab
250 942 414 1009 advocatis
447 941 571 1027 audies,
604 940 731 1028 (quae)
761 962 822 1028 ego
854 942 895 1007 de
924 946 959 1007 te
986 942 1145 1027 suspicer.

174 1053 300 1117 pauper
323 1053 409 1116 eras,
432 1031 557 1098 vioinus
580 1053 668 1097 eras:
695 1030 793 1096 huius
816 1031 889 1096 noti
911 1052 1030 1116 mores,
1053 1033 1146 1097 certa

124 1140 157 1189 10
177 1121 342 1186 sanctitas.
406 1124 598 1206 argumento
644 1120 865 1205 probabimus:
910 1141 984 1185 aum
1029 1140 1147 1184 rumor

174 1212 347 1293 utrumque
371 1209 558 1293 infamaret,
585 1214 622 1275 tu
649 1230 723 1274 reus
745 1208 854 1274 faetus
877 1230 925 1292 es3
953 1230 973 1274 a
995 1211 1029 1273 te
1053 1208 1146 1273 leno·

175 1297 296 1363 oinium
319 1299 481 1364 committi
504 1298 585 1363 dixit
608 1300 786 1384 aecusator,
808 1320 875 1364 non
898 1298 939 1362 ab
961 1297 1025 1363 hao
1050 1296 1146 1362 adul-

175 1386 302 1450 terium.
358 1409 425 1451 non
453 1407 531 1473 ergo
559 1409 644 1452 nova
675 1387 756 1452 haee
788 1387 851 1450 orit
884 1386 1025 1470 suspicio
1060 1407 1147 1469 mea,

175 1494 280 1556 neque
303 1496 342 1538 ex
363 1497 415 1540 me
438 1478 527 1540 nata.
561 1475 604 1561 id,
627 1475 714 1560 quod
737 1480 906 1540 aecusator
928 1475 992 1540 tibi
1011 1474 1147 1559 obieoit,

123 1580 155 1631 15
175 1561 270 1627 hodie
298 1563 408 1628 oredo:
439 1564 584 1629 looutum
620 1585 690 1629 esse
717 1567 826 1629 tecum
854 1563 1001 1646 divitem,
1033 1563 1146 1650 egisse

173 1653 291 1736 tecum,
316 1652 504 1736 promisisse
528 1653 590 1718 tibi
613 1652 728 1735 multa,
751 1651 928 1718 novissime
952 1652 1054 1718 etiam
1078 1653 1146 1718 iae·

174 1742 263 1806 tasse
286 1743 529 1808 testamentum.

540 1949 759 2020 onoma

312 2077 441 2158 Legati
462 2078 563 2144 flllus
586 2076 734 2144 viotima
756 2076 998 2161 pestilentiae.

121 2219 155 2269 20
175 2201 237 2278 Qui
268 2202 457 2287 pestilentia
488 2202 695 2287 laborabant,
727 2204 886 2269 miserunt
919 2203 1069 2288 legatum
1101 2204 1145 2269 ad

263 2291 432 2356 oraculum
454 2292 639 2376 petendum.
683 2314 875 2378 responsum
900 2294 950 2357 est
973 2293 1013 2376 ei,
1035 2291 1146 2357 filium

261 2380 363 2464 ipsius
391 2380 626 2446 immolandum
655 2403 735 2446 esse.
784 2382 842 2446 ille
871 2381 1036 2446 nuntiavit
1066 2381 1145 2447 eivi-

261 2470 324 2534 tati
349 2491 441 2534 saera
463 2469 649 2553 desiderari,
671 2470 741 2535 filio
760 2492 873 2535 verum
892 2469 1061 2535 confessus
1082 2474 1144 2537 est.

263 2557 363 2623 saeris
390 2558 493 2624 finitis
525 2559 713 2643 pestilentia
740 2581 805 2624 non
830 2562 880 2624 est
902 2558 1006 2623 finita.
1052 2558 1143 2624 filius

261 2648 422 2730 prooessit
451 2648 487 2712 in
520 2647 705 2712 contionem
737 2651 770 2712 et
798 2669 833 2712 se
865 2647 936 2732 ipse
966 2646 1144 2712 interfecit

261 2735 357 2800 finita
388 2736 577 2820 pestilentia
610 2758 683 2801 reus
711 2738 761 2800 est
788 2738 917 2821 legatus
950 2736 1062 2801 laesae
1093 2736 1145 2801 rei

261 2824 421 2906 publicae.

246 3020 260 3068 1
280 3015 426 3083 tamquam
444 3032 513 3072 seor.
532 3022 583 3070 ΔΒ
597 3019 606 3088 u
621 3023 636 3072 3
652 3016 727 3071 sedit
743 3021 804 3086 ΑΒ,
824 3017 893 3073 serit
906 3017 976 3085 edd„
994 3031 1065 3072 oorr.
1081 3016 1145 3083 Ro;

173 3085 251 3142 dedit
268 3085 350 3153 Rau,
368 3086 522 3153 fort.*dat
539 3088 549 3157 ΙΙ
567 3094 585 3142 4
602 3083 734 3145 mutet'B
753 3090 793 3159 1Ιὸ
813 3088 984 3159 suspiramus
1001 3089 1078 3157 11116
1097 3086 1146 3143 1111

172 3157 325 3228 pridet
352 3162 387 3224 Δ,
420 3157 484 3216 vidi
509 3163 543 3227 B,
576 3175 644 3214 corr.
674 3159 718 3215 Ro
740 3161 750 3230 ΙΙ
778 3160 852 3216 8ab
877 3161 930 3244 hae
954 3159 1073 3214 vocatus
1092 3159 1148 3232 {llll

172 3228 1146 3373 istst-tt''tantast''substantiatus

168 3372 271 3498 Zlmltti
290 3373 445 3441 petendum
462 3388 512 3428 om.
532 3377 552 3425 B
571 3374 580 3441 11
599 3379 633 3428 23
653 3373 726 3428 sacri
744 3375 788 3442 Bt}
803 3371 961 3429 desideravi
978 3377 1008 3440 B,
1028 3372 1148 3430 deside-
