2386 3816
182 147 245 213 158
546 139 777 211 ouiurmrsru

247 309 336 376 Haec
360 310 440 375 satis
464 309 561 393 plena
579 306 723 372 defensio
748 307 842 387 esset,
874 303 903 369 si
927 325 991 388 qus
1015 323 1076 388 ego
1099 302 1141 367 di·

181 400 348 466 vinatione
372 399 526 482 colligere
548 398 744 482 potuissem,
767 395 880 479 utique
902 393 1093 478 periturum,
1116 392 1142 456 si

180 511 247 554 non
271 488 498 554 reddidissem:
522 485 650 572 decepit
670 506 732 569 me,
755 482 841 568 quod
861 485 937 548 ante
955 481 1075 548 fortius
1093 485 1142 547 tu·

182 579 274 644 lerat
310 599 415 663 neque
439 575 525 642 enim
547 575 609 641 hoc
633 575 714 659 dico,
735 572 936 639 redditurum
959 592 1012 637 ms
1035 570 1146 656 fuisse,

148 668 212 733 ssi
234 668 415 752 periturum
437 669 565 751 patrem
570 667 740 821 &issem
768 663 891 749 optime
913 664 1026 746 partes
1051 660 1146 726 amici

184 757 407 841 custodissem,
431 756 547 820 sinon
607 754 792 820 ddidissem.

592 965 722 1036 GGXG.

333 1093 512 1162 Abdicans
534 1092 723 1161 reductum
747 1092 792 1160 ob
815 1091 991 1160 furorem.

182 1219 381 1286 Luxuriosus
396 1221 564 1287 abdicatus
579 1219 686 1285 furere
701 1218 816 1304 coepit.
835 1218 988 1284 reductus
1005 1239 1026 1282 a
1040 1221 1146 1304 patre,

131 1323 163 1371 10
274 1313 406 1375 sanatus
431 1310 607 1376 abdicatur.

493 1502 830 1571 DECLAMATIO.

250 1627 284 1694 Si
312 1631 459 1695 conscius
487 1629 582 1714 mihi,
609 1629 745 1714 iudices,
768 1629 868 1694 ullius
896 1628 1011 1712 culpae
1040 1650 1148 1696 essem

182 1722 316 1803 propter
339 1741 436 1803 quam
459 1719 578 1784 iterum
598 1718 773 1802 abdicarer,
797 1717 889 1784 scitis
907 1717 989 1782 mihi
1007 1738 1075 1783 non
1096 1717 1149 1785 de-

182 1808 283 1873 fuisse
306 1809 434 1873 taccndi
456 1807 692 1874 verecundiam.
715 1808 771 1874 sed
793 1806 889 1872 facile
909 1806 973 1872 fuit
990 1807 1085 1892 prius
1105 1809 1148 1874 si-

131 1897 333 1962 solentium:
363 1897 519 1981 primum,
546 1896 632 1981 quod
655 1897 827 1980 sperabam
849 1896 920 1961 fore
943 1896 1146 1962 exorabilem

182 1989 323 2069 patrem3
356 1985 483 2068 deinde,
515 1986 601 2070 quod
628 1988 752 2051 certum
780 1987 864 2068 erat,
894 1989 1030 2069 propter
1057 1987 1147 2070 quod

183 2073 360 2138 abdicarer.
383 2096 469 2139 nuno
487 2074 652 2160 intellego,
673 2075 708 2139 in
726 2073 847 2140 multas
866 2096 918 2139 mc
937 2074 1026 2139 mitti
1044 2096 1146 2161 posse

183 2162 391 2246 suspiciones,
410 2184 482 2228 oum
502 2163 644 2248 expellar
663 2165 704 2229 ab
719 2163 844 2248 optimo
858 2167 965 2247 patre:
987 2185 1049 2229 nec
1062 2164 1146 2229 mihi

181 2250 248 2316 ullo
278 2251 374 2317 modo
401 2255 531 2336 poterat
557 2253 697 2338 ignosci,
730 2253 759 2318 si
786 2252 993 2318 offendissem
1021 2254 1148 2319 statim.

128 2354 162 2405 2ο
182 2343 253 2405 tota
275 2339 377 2426 igitur
399 2341 526 2406 actione
549 2341 611 2407 hoc
633 2341 716 2407 mihi
739 2342 947 2408 obtinendum
970 2345 1034 2408 est:
1060 2341 1146 2408 nihil

182 2450 233 2494 me
256 2429 380 2495 fecisse.
425 2451 484 2496 nec
507 2430 602 2514 mihi,
624 2430 755 2516 iudices,
778 2431 813 2498 in
836 2431 943 2498 animo
968 2435 1027 2515 est,
1050 2451 1147 2496 excu-

183 2540 254 2583 sare
281 2519 383 2584 vitam
411 2520 554 2605 priorem
576 2541 636 2586 nec
654 2523 692 2586 ut
710 2542 762 2585 me
781 2521 888 2586 dicam
905 2541 1083 2604 numquam
1100 2519 1147 2585 di-

180 2627 281 2691 gnum
313 2608 414 2675 fuisse
447 2609 663 2688 abdicatione,
695 2609 750 2675 sed
779 2613 817 2675 ut
844 2631 896 2675 me
919 2611 1065 2694 †putem
1088 2609 1145 2674 diu

180 2694 326 2783 fecisse†
340 2699 533 2765 abdicatum.
557 2698 616 2763 illa
629 2698 738 2782 <non>
752 2699 902 2782 narrabo,
921 2720 1018 2782 quam
1037 2697 1144 2764 indul-

251 2877 267 2926 2
286 2872 377 2941 adque
395 2877 436 2927 Aa
449 2877 459 2945 fl
472 2873 625 2944 petiturum
643 2877 701 2941 AB,
720 2890 789 2930 corr.
808 2874 865 2929 Aer
879 2874 919 2942 113
937 2871 1092 2928 reddissem
1110 2877 1146 2940 Α,

178 2941 345 2998 reddidisses
365 2949 385 2996 Ρ
410 2944 420 3012 ΙΙ
447 2949 463 2999 8
482 2944 597 2999 ductum
616 2948 646 3014 Δ,
666 2943 797 3000 eductum
814 2949 835 2998 B
856 2947 866 3016 ΙΙ
888 2950 919 2999 12
939 2943 1054 3000 illiusB
1075 2943 1145 3017 ΜΗ

179 3012 308 3069 abdicare
327 3016 418 3084 Bul?
438 3015 501 3071 miti
519 3018 565 3087 An
584 3021 617 3073 18
636 3016 747 3086 expelle
763 3021 786 3069 Δ
800 3019 810 3086 ΙΙ
825 3022 857 3071 19
876 3015 955 3071 nullo
974 3020 1014 3069 Aa
1027 3015 1075 3087 {lsi
1094 3015 1145 3071 off.

178 3084 265 3140 talem
280 3087 315 3156 (.)
334 3085 394 3152 Ro;
420 3088 467 3142 sed
484 3087 519 3154 cs.
540 3087 778 3170 Pseudo-Quincti.
797 3089 862 3145 decl.
878 3092 953 3155 9,11
967 3104 999 3158 p.
1010 3093 1065 3144 199
1082 3087 1143 3144 Bu.

178 3155 292 3212 abdicas
311 3174 357 3212 me
375 3159 455 3227 pater
472 3159 532 3214 tam
551 3159 626 3215 cito?
650 3176 698 3215 vix
717 3158 848 3216 salutatis
866 3159 972 3215 laribus
991 3158 1120 3230 expellor
1132 3159 1143 3233 ss

178 3232 212 3281 20
231 3226 406 3284 obiciendum
423 3232 486 3298 AB,
505 3246 574 3286 corr.
593 3231 642 3286 Bu
655 3234 665 3302 l
678 3237 712 3286 22
731 3249 856 3303 unquam
873 3232 965 3301 3i2³
1004 3233 1072 3287 uten
1091 3231 1141 3286 diu

177 3297 276 3354 fecisse
295 3304 330 3368 Δ,
358 3301 453 3370 putem
473 3301 500 3355 d.
519 3300 604 3358 fuisse
622 3306 656 3371 B,
683 3302 800 3373 probem
817 3303 939 3358 tacuisse
1006 3345 1016 3372 ,
1041 3300 1141 3374 putem

172 3368 262 3511 pippis
280 3371 365 3500 fuispje
383 3371 441 3498 Illo,
459 3371 574 3440 fortusse
587 3374 729 3444 *probem
748 3374 831 3446 digne
851 3375 949 3431 fecisse
963 3376 1021 3445 1124
1039 3373 1144 3451 (non)

201 3460 213 3498 t
247 3458 332 3501 narra
357 3460 373 3501 o
