2386 3816
486 155 705 214 PRAEFATIO.
1025 160 1077 216 XV

111 307 258 386 squalidis
281 325 316 368 uc
335 307 414 368 carie
429 307 548 382 obsitis,
571 310 677 382 utpote
690 327 818 384 nupere
836 311 993 372 ruderibus
1014 332 1080 373 eru-

109 407 164 483 tis,
197 425 275 483 quae
306 423 342 464 ex
368 405 455 464 unico
488 406 653 482 exemplari
685 406 843 467 emendare
873 408 1079 485 desperarem:

111 504 204 564 malui
227 505 264 562 ut
287 503 518 579 qualescumque
546 506 648 563 essent
662 547 691 563 ..
709 502 743 562 in
770 504 867 564 lucem
893 507 1077 582 postliminio

110 602 260 675 redirent,
288 618 379 677 quam
406 620 425 660 a
447 600 554 680 tineis,
581 604 617 659 ut
638 600 735 661 maior
758 620 862 661 eorum
884 621 955 679 pars
977 595 1077 684 (inlel-

110 701 186 777 legit
219 696 379 758 manifesto
407 699 539 774 priorem
569 698 668 775 illam,
705 699 790 758 deell.
823 703 952 760 1-252
986 704 1079 762 conti·

110 790 248 876 nentem)
277 796 513 856 corroderentur.
562 794 709 855 Confusus
739 800 842 856 tamen
869 801 958 858 antea
985 800 1078 876 leges,

111 896 305 972 argumenta,
329 892 573 972 declamationes,
601 912 799 956 sermones..
822 896 1027 971 separavimus
1047 902 1078 956 et

110 993 143 1052 in
169 990 332 1067 pristinam
354 989 482 1050 formam
504 992 640 1068 redigere
664 993 843 1053 curavimus.
887 992 1076 1054 correximus

112 1090 207 1150 etiam
219 1088 365 1148 nonnulla
377 1088 569 1149 librariorum
583 1089 666 1164 vitia,
686 1092 856 1166 temporum
872 1109 1077 1168 nequaquam:
1096 1126 1100 1136 =

111 1188 210 1247 multa
241 1187 357 1246 intacta
389 1186 558 1261 omisimus,
594 1205 632 1246 ne
664 1187 743 1246 forte
774 1188 872 1264 magis
901 1188 1079 1264 depravare·

111 1278 248 1365 mus*).“
292 1283 348 1342 His
373 1301 409 1342 ex
431 1283 532 1344 verbis
564 1284 766 1361 colligendum
792 1284 913 1346 videtur
937 1288 976 1347 ad
1000 1306 1077 1346 sum-

111 1401 192 1442 mam
215 1380 444 1442 similitudinem
467 1400 609 1457 expressa
638 1382 670 1442 iu
697 1382 853 1444 Parmensi
880 1404 935 1444 nos
966 1384 1077 1444 habere

111 1479 311 1542 vetustissimi
341 1477 467 1538 alicuius
496 1462 604 1538 codicis
631 1482 733 1542 verba.
778 1482 822 1541 At
848 1483 1075 1558 inspicientibus

113 1579 309 1638 Parmensem
331 1576 406 1635 illud
431 1577 517 1636 facile
541 1579 676 1652 apparet,
698 1579 820 1639 duxisse
844 1599 880 1640 ex
902 1580 1076 1640 recentioris

114 1675 225 1737 aetatis
261 1673 360 1733 codice
390 1673 430 1747 B,
466 1674 542 1733 nihil
573 1677 672 1735 minus
705 1696 795 1752 quam
827 1695 960 1752 corroso,
998 1677 1076 1736 carie

114 1763 280 1853 obsito**).
319 1770 412 1831 Cuius
430 1773 475 1832 rei
493 1777 672 1850 argumenta
690 1794 726 1834 ex
743 1775 849 1834 multis
867 1793 964 1851 pauca
983 1793 1077 1850 eaque

111 1871 293 1950 gravissima
316 1868 468 1930 sufficiant
490 1872 573 1934 haec.
619 1871 760 1933 Scribunt
782 1873 852 1933 libri

111 1992 140 2048 p.
167 1970 245 2043 153,
270 1968 310 2027 18
334 1967 387 2027 rllo
410 1967 513 2030 fratris
535 1971 631 2032 vitam
653 1971 730 2047 petit
753 1971 792 2041 Β,
814 1970 867 2030 illo
890 1969 926 2028 fr.
950 1989 977 2029 u:
1000 1989 1029 2044 p.
1052 1968 1077 2027 P

109 2089 139 2144 p.
166 2067 240 2139 165,
265 2067 304 2126 12
329 2065 412 2127 nullo
435 2071 501 2126 ruod
525 2068 560 2141 B,
582 2069 665 2127 nullo
689 2067 753 2128 viro
773 2066 797 2125 P

80 2174 85 2183 ·
111 2187 140 2242 p.
166 2166 308 2242 163,19
333 2164 433 2239 potuis
450 2155 454 2245 Ι
471 2183 503 2224 se
536 2157 645 2246 (fracto
679 2164 770 2226 verbo
804 2165 901 2224 medio
935 2165 967 2223 in
995 2165 1077 2224 exitu

203 2279 322 2336 versus,
355 2279 443 2335 quem
474 2261 523 2321 hic
555 2263 586 2321 et
617 2264 649 2321 in
678 2261 905 2338 insequentibus
934 2263 1077 2338 exemplis

204 2358 336 2418 indicare
358 2359 426 2418 vult
447 2358 502 2417 illa
524 2359 604 2418 linea
627 2351 801 2442 dividensl)
825 2361 860 2439 B,
882 2361 983 2436 potius
1002 2378 1034 2419 se
1053 2360 1077 2419 P

115 2477 329 2490 --—-.---

186 2531 213 2598 *)
233 2529 275 2583 Rc
299 2527 363 2597 ipsa
380 2525 518 2596 Ugoletus
536 2528 626 2582 multa
643 2528 674 2582 in
693 2527 815 2583 deterius
834 2528 933 2598 vertit,
958 2530 1079 2585 correxit

113 2601 219 2672 oppido
258 2615 339 2654 auca.

169 2672 212 2741 θ)
233 2617 314 2737 duod
333 2667 358 2723 si
371 2669 408 2723 ab
422 2668 504 2724 initio
519 2674 626 2725 eertum
640 2672 874 2741 perspectumque
888 2671 958 2725 milri
972 2671 1077 2741 fuisset,

112 2743 187 2799 nihil
213 2758 295 2798 curae
318 2740 481 2796 habuissem
503 2742 532 2795 in
551 2743 719 2811 apparatum
738 2742 806 2810 quid
824 2744 950 2798 traderet
966 2741 989 2796 P
1007 2745 1077 2798 reci·

113 2832 189 2887 pere.
228 2812 359 2867 Ceterum
378 2811 402 2866 si
420 2812 541 2882 pendere
561 2812 713 2868 editionem
728 2813 750 2867 P
770 2830 788 2868 a
806 2814 901 2868 codice
916 2813 939 2866 B
954 2812 1077 2869 evictum

113 2889 170 2953 est,
196 2884 267 2938 illud
292 2882 377 2937 simul
400 2885 521 2950 eertum,
545 2885 680 2954 scriptum
704 2884 780 2938 hunc
799 2883 925 2939 codicem
944 2901 1079 2940 essenon

152 2961 180 3012 st
197 2972 303 3010 annum
319 2959 389 3008 1494
408 2956 474 3024 (quo
494 2958 538 3010 est
555 2955 631 3011 saeta
649 2955 756 3024 editio).
784 2955 880 3010 Etiam
897 2955 927 3010 in
948 2958 1078 3026 catalogo

144 3026 276 3107 ouacensi
289 3023 356 3079 XV⁰
370 3028 481 3081 saeculo
496 3026 601 3109 datur..
614 3027 668 3082 Sed
684 3027 882 3129 Laubmannug
897 3029 926 3081 et
940 3026 1076 3110 ldeyerus,

112 3096 1078 3249 turclttzlttttdbtltbtt·tilibtltzttt

113 3244 146 3296 ut
165 3257 250 3310 quam
269 3237 485 3307 diligentissime
505 3240 534 3294 et
552 3239 588 3294 ad
606 3240 698 3310 ipsam
716 3241 846 3310 regulam
864 3241 1033 3296 exscriberet
1045 3241 1078 3296 li·

113 3315 201 3378 teras,
226 3327 283 3365 non
307 3326 389 3380 posse
412 3312 448 3366 de
471 3312 598 3380 tempore
617 3311 686 3367 satis
706 3313 782 3367 certo
801 3311 921 3366 iudicari
940 3312 1079 3368 concessit

112 3380 704 3523 riuumraucus
716 3383 903 3532 uerri

357 3493 366 3521 1
857 3503 865 3518 e
