2386 3816
343 167 661 226 DECLAMATIONES.
680 168 849 227 cccxxln.
1011 171 1076 237 273

107 329 291 399 dicationis
331 331 492 415 accipiant
531 352 691 397 summam
731 333 937 418 religionem,
978 355 1078 418 opera

109 423 192 487 sunt
214 423 358 485 tantum:
382 418 541 484 dedicatio
565 423 615 485 est
637 420 706 505 ille,
728 443 809 506 quae
832 422 928 487 deum
945 422 1078 508 inducit,

113 529 197 595 quae
232 507 306 574 sede
340 507 503 574 destinata
534 508 629 574 locat
681 508 743 574 hoc
772 509 844 575 ideo
873 509 980 576 facere
1011 533 1078 578 non

114 598 305 683 cuicumque
332 597 549 682 permittitur,
571 597 637 662 nisi
663 601 772 663 castae
795 620 924 684 manus,
946 600 1010 664 nisi
1032 600 1079 666 fa·

114 686 256 752 miliaris
290 685 390 752 sacris
423 687 552 751 animus
584 686 767 752 accesserit:
807 686 966 753 dedicatio
999 688 1113 754 solist

115 773 168 861 (ut
190 795 277 840 nunc
295 774 524 859 comperimus)
544 796 698 841 concessa
715 775 980 841 Atheniensibus.
1002 775 1079 843 hinc

115 865 229 948 e[r]go
251 863 323 928 fieri
344 885 433 947 reor,
457 863 593 949 iudices,
615 865 715 948 quod,
738 886 811 930 cum
835 868 1015 930 ceterarum
1038 865 1081 931 oi·

114 951 272 1019 titatium
294 952 425 1036 templa,
448 951 484 1016 in
501 952 581 1037 ipsis
599 953 708 1037 posita
725 953 872 1038 urbibus,
893 953 1080 1038 frequenter
1131 1015 1135 1022 .

114 1062 192 1106 cum
216 1040 297 1105 totis
319 1062 412 1106 ruere
437 1045 534 1125 atque
557 1042 685 1108 incendi
707 1040 878 1108 moenibus
897 1042 1080 1127 viderimus,

116 1130 211 1196 nulla
229 1128 381 1213 vindicta,
404 1128 496 1194 nulla
515 1129 641 1215 religio,
662 1131 754 1195 nulla
777 1152 831 1196 eos
857 1131 912 1215 qui
936 1130 1082 1196 fecerant
1100 1147 1134 1197 10

116 1217 282 1303 supplicia
301 1221 474 1284 consecuta
492 1218 574 1303 sint,
595 1219 650 1284 hic
669 1219 876 1304 sacrilegium
893 1219 1082 1303 pestilentia

116 1306 329 1373 vindicatum.
375 1305 609 1372 dedicationem
632 1307 731 1392 (rex)
755 1308 953 1374 destinabat:
978 1329 1082 1393 neque

117 1394 207 1461 enirn
226 1395 322 1461 aliter
340 1395 458 1461 saltem
477 1395 638 1481 templum
657 1418 727 1463 esse
746 1396 998 1482 existimaverat,
1019 1398 1083 1464 nisi

117 1483 334 1550 dedicaretur.
388 1483 428 1548 de
467 1506 669 1570 quocumque
701 1486 824 1571 templo
856 1487 983 1573 loquor:
1019 1487 1083 1552 hoc

116 1573 280 1657 tenplum
292 1594 359 1638 non
376 1572 555 1640 dedicabo?
574 1596 672 1659 quam
691 1574 797 1640 multa
811 1574 916 1641 adhuc
929 1575 1082 1642 remitto?
1102 1589 1135 1640 10

116 1664 212 1728 taceo
238 1660 315 1746 quid
334 1661 381 1726 dii
398 1661 576 1748 voluerint,
598 1666 691 1729 taceo
715 1663 793 1748 quid
814 1683 970 1748 responsa
992 1687 1083 1750 prae·

116 1749 278 1835 ceperint,
314 1750 465 1816 humanis
504 1751 650 1816 consiliis
682 1751 792 1817 locum
826 1751 990 1835 relinquo:
1017 1774 1084 1819 non

116 1838 304 1905 dedicabo?
339 1840 512 1924 procedere
538 1840 627 1905 ultra
653 1838 737 1906 volo.
783 1838 815 1904 si>
834 1836 1019 1904 Alexander
1041 1841 1083 1905 ab

116 1928 291 1994 obsidione
308 1931 438 1994 tantum
457 1927 664 1993 Athenarum
680 1927 883 2012 recessisset,
905 1948 1014 1992 nonne
1033 1948 1084 1992 ae-

116 2015 357 2102 dificassemus,
386 2037 493 2082 nonne
525 2016 806 2082 restituissemus?
843 2015 993 2101 equidem
1023 2037 1084 2103 ego
1103 2032 1137 2081 20

117 2105 272 2171 omnibus
308 2106 430 2171 nostris
463 2105 564 2171 sacris
596 2104 786 2171 crediderim
818 2105 924 2193 inesse
955 2127 1086 2172 numen.

119 2194 259 2260 debetur
290 2193 352 2260 hoc
380 2193 632 2260 Atheniensium
659 2194 799 2280 civitati,
830 2195 966 2261 debetur
996 2199 1087 2264 vetu-

119 2283 269 2348 stissimo
296 2284 423 2369 generi,
451 2282 586 2350 debetur
613 2284 698 2368 solo,
726 2283 765 2349 de
797 2306 860 2369 quo
883 2284 1087 2350 contendisse

120 2372 286 2456 quondam
305 2372 383 2438 deos
406 2373 610 2438 immortales
633 2395 700 2439 non
724 2373 795 2438 sine
813 2394 911 2438 causa
928 2372 1087 2439 creditum

120 2464 182 2526 est.
219 2463 329 2527 cetera
354 2464 465 2527 tamen
488 2462 640 2546 opinione
663 2461 823 2527 oredimus
846 2464 880 2527 et
902 2461 1139 2526 coniecturam

121 2549 322 2635 colligimus:
350 2549 385 2616 in
407 2550 470 2616 hoo
492 2551 625 2615 numine
648 2550 810 2616 sensimus
832 2553 999 2615 momenta
1021 2549 1088 2614 bel-

120 2638 239 2722 lorum,
261 2638 323 2705 hoc
346 2661 423 2724 pars
447 2641 586 2724 utraque
610 2639 774 2725 cognovit,
796 2638 859 2706 hoo
881 2660 1003 2705 numen
1026 2637 1089 2704 scit

196 2890 210 2937 1
230 2900 367 2939 summam
388 2883 531 2970 accipiant
548 2885 641 3010 3182
665 2884 850 2941 dedicationis
868 2884 920 2941 illa
937 2889 958 2938 3
982 2887 991 2956 1
1019 2890 1088 2939 2-3

121 2970 194 3024 quae
214 2972 243 3010 se
262 2956 332 3012 dest.
351 2956 428 3026 313
446 2956 524 3039 rdeo]
546 2976 563 3011 a
618 2974 634 3013 o
652 2956 866 3027 11013ου1111
884 2959 928 3026 31
947 2963 1016 3013 6-7
1035 2957 1090 3012 hoc

123 3042 190 3096 ergo
211 3030 267 3095 33,
287 3027 472 3097 0111111017
492 3026 642 3083 civitatum
660 3030 735 3097 318
753 3027 860 3098 templo
874 3032 897 3080 A
910 3029 921 3098 1
935 3034 969 3084 10
982 3027 1090 3082 nullam

122 3095 281 3152 vindictum
299 3101 392 3168 3111
414 3100 480 3154 sunt
496 3101 558 3166 33,
576 3114 645 3154 cerr.
665 3099 729 3170 Gru
744 3105 776 3153 12
796 3098 1011 3155 destinationem
1031 3101 1090 3165 Ar,

122 3184 193 3224 corr.
214 3169 252 3223 Pi
272 3169 283 3238 1
304 3167 396 3243 (rex)
415 3168 461 3225 Ro
484 3170 494 3239 l
518 3173 551 3223 1⁰
570 3169 645 3238 qnod
664 3174 687 3222 3
709 3169 719 3238 1
745 3170 896 3225 voluerunt
913 3174 973 3238 Al’3
997 3169 1061 3236 fort.
1075 3168 1091 3201 *

124 3239 201 3308 qnod
218 3240 245 3296 d.
263 3241 426 3310 voluerunt,
444 3243 465 3296 t.
486 3239 563 3310 quod
579 3257 602 3294 r.
620 3244 846 3312 praeceperuutl
864 3245 899 3296 20
917 3257 974 3296 non
991 3241 1038 3311 31
1056 3245 1090 3295 21

123 3327 227 3366 nomen
244 3315 286 3364 Ac
304 3313 314 3382 1
334 3317 367 3366 22
388 3311 475 3368 debet
492 3317 512 3365 3
550 3309 669 3367 debetur
687 3328 737 3368 om.
757 3313 980 3382 312611οω110
998 3315 1069 3365 3ι3
1082 3311 1091 3381 1

123 3397 228 3437 nomen
246 3382 420 3438 tabellorum
441 3388 461 3436 3
476 3386 685 3454 flmomenta
703 3383 797 3451 3131
814 3398 916 3440 nomen
934 3387 958 3436 A

171 3547 311 3602 caium
324 3551 388 3605 soor,
405 3553 439 3596 es.
455 3555 544 3601 nicer.
920 3552 960 3603 Ab
