2386 3816
343 178 662 239 DECLAMATIONES.
680 183 850 242 CCLXXIV.
1014 185 1079 252 123

183 341 219 409 Si
241 345 444 413 mehercule
464 347 565 432 aliqui
583 348 728 415 liberalis
752 350 842 434 civis,
864 350 965 415 immo
980 351 1009 416 si
1023 372 1079 435 op·

115 433 194 498 time
223 434 359 500 meritus
386 437 422 501 in
445 435 517 502 foro
539 436 676 503 fulmine
700 443 787 504 esset
809 441 907 524 ictus,
939 439 1078 506 dicerem

111 525 224 588 tamen
248 523 438 608 excipienda
457 523 635 608 quaedam
658 546 722 592 noo
744 530 826 593 enim
851 549 964 594 omnes
983 549 1077 593 casus

112 611 285 697 providere
322 613 432 698 legum
469 612 589 677 latores
625 617 817 697 potuerunt:
859 638 917 682 nee
954 616 1078 701 templa

110 705 252 786 excepta
273 705 358 768 sunt.
394 701 510 786 forum,
533 701 619 785 quod
637 702 720 767 mihi
738 705 897 788 templum
916 704 1077 789 quoddam
1097 722 1113 772 o

110 791 205 874 pacis
227 791 366 874 videtur,
388 791 424 856 in
446 812 509 875 quo
533 791 604 855 iura
624 794 822 877 exercentur,
845 793 1078 877 propterquod

110 879 204 965 loges
217 880 342 964 'valent
363 879 469 946 bustis
488 881 727 964 occupabimur,
745 879 898 946 infaustis
918 882 1077 947 cineribus

108 967 320 1053 polluamus?
356 971 463 1034 totum
486 967 621 1034 lueroule
647 969 757 1054 potius
786 970 1006 1054 relinquamus
1024 973 1078 1056 'ty-

108 1057 210 1123 ranni
230 1059 395 1144 sepulcro,
416 1062 580 1124 mutemus
602 1058 711 1123 locum
734 1057 935 1124 iudiciorum.

443 1199 748 1271 crassorum.
1097 1236 1130 1285 10

471 1338 474 1344 ’
506 1339 679 1413 SERMO.

181 1466 229 1534 Ut
252 1467 437 1553 sepeliatur,
460 1468 689 1552 superstitione
709 1469 780 1535 sols
797 1468 883 1534 effici
900 1470 1018 1553 potest,
1040 1472 1078 1534 ut

111 1557 151 1622 in
172 1558 421 1641 comparatione.
441 1556 551 1643 legum
573 1557 653 1622 illud
675 1558 900 1642 potentissime
922 1557 1076 1642 dicamus,

113 1668 188 1711 eam
218 1645 325 1730 legem
354 1646 460 1730 magis
488 1667 559 1712 esse
588 1646 793 1731 servandam,
826 1669 908 1732 quae
944 1646 1076 1712 deorum

112 1735 224 1821 gratia
247 1735 446 1819 scriptasit,
475 1756 573 1820 quam
600 1754 682 1820 quae
705 1736 888 1801 hominum:
922 1734 1076 1800 adversus
1097 1749 1129 1798 15

112 1825 247 1910 tyranni
279 1825 469 1909 sepultorum
498 1823 688 1907 hominibus
719 1827 848 1890 tantum
881 1845 951 1888 esse
979 1823 1077 1906 scrip·

111 1917 197 1998 tam,
224 1918 258 1979 et
285 1914 440 1999 scriptam
466 1912 666 1978 levissimam
692 1917 820 1997 partem
843 1912 993 1977 ultionis:
1015 1910 1078 1976 hoc

113 2024 207 2086 vero,
236 2003 324 2090 quod
351 2002 564 2070 constitutum
597 2005 661 2086 est,
691 1982 733 2066 ul
751 2022 814 2086 quo
843 2000 978 2086 quisque
1006 2000 1077 2065 loco

96 2091 252 2159 'fulmine
279 2093 363 2159 ictus
392 2096 491 2178 esset,
523 2090 636 2156 eodem
668 2090 873 2175 sepeliretur,
908 2089 1076 2176 religionis

113 2203 196 2249 esse.
683 2181 688 2192 “
1095 2192 1130 2243 20

426 2283 762 2361 DECLAMATIO.

182 2411 296 2498 Neque
318 2411 382 2478 hoo
402 2415 537 2495 propter
554 2432 727 2496 personam
745 2432 850 2495 neque
866 2409 903 2474 dn
919 2409 1077 2474 honorem

114 2501 252 2569 alicuius
277 2499 448 2585 scripsisse
468 2503 576 2586 potest
598 2500 815 2585 legumlator
834 2498 946 2581 videri,
970 2496 1078 2562 sedin

113 2592 331 2657 reverentiam
354 2589 497 2655 deorum.
542 2587 592 2654 fas
615 2610 680 2654 non
705 2593 768 2675 est,
795 2588 870 2652 inde
894 2587 1078 2652 submoveri

113 2681 216 2747 ictum
239 2681 346 2745 illum:
375 2677 537 2764 quomodo
560 2677 710 2743 sederant
733 2677 897 2760 flammae,
928 2676 977 2742 ita
1005 2697 1078 2741 con·
1095 2679 1131 2738 ao

190 2845 203 2893 1
225 2836 328 2909 aliquis
344 2840 366 2890 B
384 2839 394 2908 fl
416 2843 432 2891 8
451 2834 558 2891 *immo
580 2850 672 2905 noque
690 2838 740 2888 AB
762 2836 772 2904 l
794 2839 866 2889 a-·-4
883 2833 969 2889 immo
988 2845 1078 2904 noque

115 2926 142 2966 o.
161 2926 186 2965 e.
205 2929 231 2980 p.
250 2910 269 2964 l.
288 2909 307 2966 L
326 2926 353 2979 p.
373 2913 403 2964 et
420 2906 528 2978 templs
546 2923 570 2964 a.
589 2925 610 2964 s.
629 2908 673 2962 Ro
696 2908 706 2977 ll
729 2911 745 2961 ὁ
764 2906 857 2961 forum
875 2904 946 2961 mihi
965 2904 1079 2975 quidem

115 2984 137 3037 t
156 2985 177 3035 B
195 2983 205 3054 l
223 2986 239 3036 6
258 2981 318 3036 iure
337 2986 360 3033 Δ
383 2983 387 3050 Ι
406 2987 421 3035 7
441 2976 639 3050 occupavimus
656 2982 677 3032 B
696 2980 735 3049 {18
755 2996 780 3048 p.
800 2975 893 3033 forum
911 2977 985 3032 herc.
1004 2977 1078 3046 3119

115 3051 261 3109 mittemus
279 3051 366 3122 Plliu
386 3051 476 3106 iorum
491 3043 521 3119 s,
539 3052 571 3104 tu
586 3049 701 3106 deorum
713 3048 735 3102 P
748 3051 758 3120 11
774 3053 877 3104 10-12
897 3046 966 3129 Pars
981 3045 1078 3102 alters.

115 3128 150 3181 nt
164 3141 221 3195 sep.
237 3142 257 3180 s.
273 3124 340 3180 sola.
355 3123 460 3179 Sermo.
475 3121 557 3177 Effici
569 3125 590 3175 B
604 3123 613 3193 ΙΙ
629 3127 732 3176 12-13
747 3121 850 3191 potest.
864 3119 929 3174 hinc
943 3137 974 3172 1n
988 3135 1078 3188 comp.

115 3195 154 3267 (l)
161 3195 228 3265 Ro!
243 3202 275 3250 la
293 3195 439 3264 potissime
458 3193 525 3260 Sola·
542 3190 936 3263 {marmanusimumn
951 3195 983 3244 15
994 3190 1078 3245 *ada

116 3269 138 3323 t.
158 3266 294 3350 ultionem
308 3266 386 3322 hom.
404 3270 467 3348 All,
486 3265 549 3320 adv.
564 3267 588 3321 t
607 3283 634 3320 u.
652 3264 746 3334 legem
764 3262 840 3319 hom.
859 3261 912 3318 Soli
934 3263 944 3332 l
967 3267 1000 3317 1o
1021 3276 1079 3343 essa

116 3339 253 3467 mu}
264 3334 608 3482 ,Assukl’lmffvegngtlffsss
625 3335 751 3539 [Ziclriffi
765 3334 1089 3475 fflzigtllllgwlff,

114 3481 155 3534 ill,
173 3481 203 3534 in
222 3498 305 3548 quarn
323 3479 382 3534 sed.
400 3484 424 3532 B
439 3481 454 3552 l
468 3479 616 3556 sederant]
648 3479 774 3540 udaranl
792 3480 868 3539 cuni.
886 3477 933 3536 Ro
