2386 3816
151 180 217 245 354
517 177 745 243 columnam

464 339 803 407 DEOLAMATIO.

219 465 509 550 Circumscriptum
547 486 616 530 esse
654 488 705 530 me
737 466 878 549 probare
910 465 1001 550 prius
1037 468 1130 554 volo,

152 579 250 641 quam
284 555 324 620 ab
357 555 422 620 isto
456 554 744 638 circumscriptum.
790 557 906 638 pactus
937 576 1024 621 sum:
1057 557 1129 623 hoc

151 648 282 729 pactum
310 665 377 709 non
400 648 559 725 servatur,
581 665 641 708 nec
663 646 774 727 potest
797 643 914 726 repeti3
947 646 1128 729 pecuniam

117 734 283 818 oinpendi
313 734 372 797 sub
400 735 512 816 pact03
542 753 647 815 neque
674 733 846 816 pecuniam
874 736 1020 817 repetere
1048 757 1130 817 pos-

153 845 225 888 sum
252 844 356 906 neque
379 821 425 904 id,
452 824 587 905 propter
610 822 696 905 quod
718 821 861 905 inpendi,
884 821 1001 904 habeo,
1030 826 1128 888 navi-

153 912 238 997 gavi,
268 909 416 976 laboravi
448 909 510 992 (sic
537 909 669 974 interim
693 906 839 996 loquor),
870 910 1024 993 quoniam
1047 934 1128 995 pro-

152 1000 343 1065 mittebatur
362 998 499 1082 aliquid:
523 998 586 1063 boc
605 998 690 1083 quod
709 1000 907 1081 promissum
926 1003 1006 1083 erat,
1026 1023 1127 1085 prae·

12 1168 15 1174 ,
153 1090 232 1154 stari
255 1110 321 1153 non
344 1091 466 1173 potest:
490 1087 746 1172 circumscriptio
771 1091 828 1153 est

100 1194 133 1242 10
219 1177 385 1242 Hactenus
405 1198 503 1243 causa
516 1175 727 1242 fundamenta
745 1177 929 1260 eepi[sse]t:
948 1180 1129 1261 sequentia

155 1267 214 1331 illa
238 1270 324 1352 sunt,
346 1269 384 1330 ut
406 1266 541 1350 probem
565 1287 617 1329 me
640 1267 673 1329 et
697 1264 819 1331 abhoc
839 1266 1126 1350 circumscriptum

154 1376 224 1419 esse
245 1360 278 1418 et
296 1355 521 1441 indignissime
537 1354 827 1439 circumscriptum.
847 1355 1127 1442 animadvertitis,

152 1443 289 1526 indicae,
325 1443 475 1508 fiduciam
513 1442 821 1527 circumscriptoris:
858 1443 964 1528 „alius
1000 1446 1128 1532 rapuit,

153 1532 220 1596 alia
243 1530 397 1616 optavit.“
432 1531 504 1595 ideo
529 1531 786 1615 circumscriptio
810 1537 869 1597 est.
904 1553 1008 1617 neque
1033 1535 1127 1600 enim

101 1636 134 1685 15
153 1642 308 1704 umquam
336 1620 515 1685 decurritur
544 1619 583 1685 ad
610 1621 694 1686 hanc
717 1623 838 1707 legem,
867 1621 935 1687 nisi
958 1643 1030 1686 cum
1054 1645 1128 1689 rec-

154 1714 224 1774 tum
252 1711 303 1775 ius
330 1710 478 1794 nequitia
506 1709 671 1774 exclusum
700 1713 758 1774 est.
804 1713 833 1776 si
860 1732 925 1774 non
954 1711 1039 1776 alius
1070 1735 1127 1776 ra-

154 1799 294 1883 puisset,
326 1821 365 1863 ex
392 1801 489 1883 pacto
517 1798 793 1883 reprehenderem.
845 1798 901 1864 sed
928 1799 1012 1864 nihil
1040 1801 1127 1868 haec

155 1889 322 1960 cavillatio
352 1888 499 1972 proderit
530 1887 591 1952 tibi
597 1937 607 1971 ,
639 1909 703 1972 qua
739 1889 862 1953 crimen
898 1889 932 1952 in
964 1909 1126 1974 generum

156 1981 189 2041 et
212 1978 247 2041 in
270 1977 373 2041 filiam
396 1976 563 2042 transfers.
595 1998 672 2041 nam
692 1977 720 2043 si
740 1978 929 2061 apparuerit
949 1977 1126 2062 iudicibus,

101 2066 267 2130 adomnia
290 2069 323 2129 te
346 2067 475 2130 volente
498 2065 586 2131 facta
608 2087 693 2150 esse,
721 2067 775 2150 qui
799 2067 991 2151 promisisti:
1018 2071 1125 2134 mani-

155 2153 277 2218 festum
300 2155 371 2236 erit,
394 2177 413 2219 a
435 2156 469 2218 te
488 2176 558 2219 esse
580 2155 858 2239 circumscriptum
878 2178 960 2240 eum,
983 2157 1040 2240 qui
1059 2158 1126 2223 tibi

154 2241 300 2308 credidit.

220 2331 326 2416 igitur
353 2331 394 2396 ab
422 2331 517 2396 initio
545 2332 789 2416 propensiorem
821 2337 855 2397 te
882 2333 983 2399 fuisse
1015 2334 1124 2419 diviti,

155 2442 222 2486 non
256 2420 492 2504 suspicionibus
525 2420 641 2505 probo,
677 2443 746 2486 non
779 2443 827 2507 eo,
857 2423 942 2507 quod
966 2423 1124 2489 credibile

98 2523 132 2573 25
152 2513 210 2574 est.
252 2513 349 2594 capta
381 2509 449 2574 tilia
481 2514 552 2592 tua,
580 2532 677 2594 quam
707 2511 848 2595 posuisti
875 2511 1123 2578 condicionem?

151 2599 219 2663 cius
242 2598 395 2682 futuram,
419 2598 474 2683 qui
497 2599 689 2664 redemisset
714 2622 768 2663 -ε
795 2598 828 2664 id
851 2601 981 2686 elegisti
1005 2600 1120 2666 discri-

150 2709 224 2752 men
247 2688 333 2753 inter
352 2687 432 2753 duos
450 2688 616 2772 petitores,
640 2688 725 2771 quod
743 2687 874 2754 facilius
892 2694 1007 2773 posset
1025 2712 1123 2773 prae-

151 2778 237 2840 stare
261 2777 359 2842 dives.
406 2776 556 2860 deceptus
587 2798 621 2840 es
645 2777 679 2840 in
702 2776 778 2842 hoc:
806 2798 868 2863 ego
890 2778 1026 2864 redemi,
1057 2801 1121 2865 ego

151 2863 273 2928 reduxi.
319 2865 388 2942 Quo
417 2866 481 2930 alio
510 2865 606 2930 modo
638 2864 765 2930 efficere
788 2866 939 2951 potuisti,
971 2889 1012 2932 ne
1036 2869 1122 2934 mihi

98 2967 132 3015 30
152 2952 298 3036 nuberet,
321 2954 384 3017 nisi
407 2954 491 3019 hoc?
525 2954 597 3019 dico
622 2973 701 3039 ergo
724 2960 782 3020 tua
805 2957 971 3020 voluntate
994 2955 1121 3023 factum

230 3115 246 3163 3
267 3108 455 3178 conscriptum
473 3110 518 3179 111
538 3117 571 3165 10
591 3110 783 3180 coepisset
801 3112 1001 3183 Alcoepisset
1018 3119 1055 3181 Α,
1075 3132 1121 3170 ce·

154 3179 245 3248 pisset
262 3184 297 3248 B,
316 3196 385 3234 corr.
404 3182 461 3234 Aer
480 3183 490 3251 1
510 3188 543 3236 13
562 3182 665 3238 fiducia
682 3187 703 3235 B
721 3183 731 3253 1
751 3188 783 3238 10
802 3183 955 3239 recurritur
971 3187 1017 3255 31
1036 3192 1070 3241 1'1
1090 3188 1121 3242 te

152 3251 356 3318 prehenderem
375 3250 419 3306 Ro
441 3252 451 3322 l
475 3256 508 3306 18
528 3253 720 3310 cavellatioa
743 3257 752 3324 11
775 3261 809 3310 20
828 3254 878 3323 qui
894 3255 950 3311 tibi
967 3273 1056 3325 prom,
1076 3258 1122 3330 111

153 3326 187 3375 24
208 3322 311 3376 credile
330 3326 354 3375 Δ
375 3322 385 3393 1
408 3329 442 3378 26
461 3323 662 3381 remmiscere
683 3328 693 3396 1
716 3325 801 3395 egisti
818 3330 839 3379 B
862 3327 872 3396 l
894 3332 928 3382 28
948 3327 978 3381 in
997 3328 1063 3399 hoc]
1085 3345 1121 3384 ac

148 3397 171 3444 Ρ
179 3392 195 3462 l
207 3397 314 3450 28-29
334 3410 401 3466 ergo
421 3394 528 3450 redemi
547 3412 599 3468 ego
617 3415 638 3451 r.
658 3397 785 3466 11-11
804 3404 838 3452 29
858 3398 934 3467 quod
952 3402 983 3467 Δ,
1003 3399 1054 3468 qui
1072 3403 1094 3452 B
1109 3400 1120 3472 11

238 3465 349 3525 factum
371 3473 416 3528 est
435 3486 497 3528 esse
516 3473 537 3525 P
