2386 3816
147 121 191 188 20
512 116 743 185 emmunim
807 112 818 139 ⁸

464 279 802 351 DEOLAMATIO.

215 389 378 455 Adultemi
400 411 490 454 ream
514 388 633 454 defero.

214 479 310 564 Puto,
331 479 394 544 hoc
413 478 545 544 auribus
563 477 681 543 restris
695 498 763 541 non
776 496 898 541 novum
912 473 1035 540 crimen
1049 478 1116 540 est:

149 569 236 654 quod
250 567 330 633 satis
346 571 404 652 est,
417 589 486 633 non
500 568 541 633 ab
554 566 617 632 hac
626 566 728 651 coepi
752 564 890 642 Qualem
899 583 1033 630 causam
1041 583 1117 648 per·

114 673 130 724 e
149 656 291 742 tulerim,
302 657 348 722 sic
358 657 531 722 aestimare
546 655 696 739 potestis:
711 653 834 738 petitur
847 653 952 719 altera
962 652 1117 719 abolitio:

148 747 205 813 ille
224 746 359 831 optavit,
381 746 463 810 haee
484 744 691 830 praescribit,
713 745 828 809 neuter
850 745 961 826 negat.
992 740 1116 807 Postea

149 835 273 919 videbo,
296 857 338 901 an
361 835 418 900 isti
437 837 596 919 oporteat
610 834 739 898 tantum
760 831 932 918 praestari,
955 832 1117 915 quantum

96 958 97 962 ¹
149 924 220 1004 piro
234 924 322 989 forti.
345 923 478 990 interim
493 923 619 988 semota
631 942 847 1005 personarum
860 919 988 987 ratione
1006 919 1117 1004 ipsam

150 1015 298 1079 excutere
312 1013 420 1098 legem
432 1011 518 1079 volo.
540 1010 573 1077 N
578 1032 596 1075 e
610 1010 746 1096 liceat,
764 1009 881 1094 inquit,
900 1031 984 1075 oum
1002 1008 1117 1074 adul·

99 1119 132 1168 10
151 1105 236 1168 tera
259 1122 374 1188 agere
401 1101 557 1185 marito,
584 1099 662 1165 nisi
689 1099 798 1185 prius
824 1120 908 1164 cum
936 1096 1117 1164 adultero

151 1190 287 1277 egerit.
310 1190 443 1274 Differo,
461 1190 520 1255 illa
539 1210 623 1275 quae
642 1188 733 1276 feoit;
756 1186 878 1271 differo,
897 1208 980 1271 quae
997 1209 1117 1272 passus

151 1303 236 1345 sum:
250 1279 362 1345 hocin
375 1279 560 1363 praesentia
574 1277 655 1362 dico,
668 1298 735 1343 non
749 1277 862 1362 utique
877 1297 1004 1360 semper
1018 1275 1117 1361 exigi,

150 1371 188 1433 ut
214 1368 305 1451 prius
334 1372 452 1452 agatur
480 1389 553 1437 cum
581 1367 738 1433 adultero.
784 1365 818 1430 id
845 1365 952 1449 vobis,
982 1364 1115 1451 iudices,

149 1456 306 1522 facillime
333 1456 519 1540 persuaderi
544 1455 681 1541 poterit,
713 1455 743 1520 si
770 1476 842 1520 ,non
867 1457 937 1520 tam
965 1453 1118 1540 iniustos,

99 1561 255 1630 ltneque
280 1548 350 1610 tam
376 1540 589 1630 inprudentes
618 1543 813 1610 existimatis
830 1596 832 1602 ,
847 1543 959 1628 legum
991 1543 1115 1610 latores

149 1633 260 1719 fuisse,
282 1637 320 1700 ut
336 1635 533 1700 necessitate
550 1634 831 1719 praestringerent
849 1653 896 1716 ea,
920 1652 1003 1718 quae
1020 1654 1115 1718 prae·

151 1723 234 1788 stari
262 1744 330 1789 non
358 1726 501 1808 possent
548 1722 630 1788 satis
660 1723 729 1788 sine
758 1721 857 1788 dubio
888 1722 941 1788 lex
969 1722 1043 1807 ipsa
1066 1721 1117 1787 di-

106 1833 109 1837 ·
151 1811 267 1878 cende:
302 1810 358 1877 Ne
381 1813 489 1897 prius
513 1834 595 1878 oum
619 1811 798 1878 adultera
813 1813 976 1896 ‘'agatur,
1000 1832 1118 1895 quam

149 1923 233 1969 oum
257 1901 434 1968 adultero
458 1906 585 1968 ectum
608 1900 745 1984 fuerit,
769 1899 923 1985 ostendit,
946 1899 1117 1967 sedebis

101 2006 135 2055 20
154 1990 254 2075 loqui,
277 2012 414 2076 quorum
436 1995 573 2077 uterque
595 1989 741 2057 accusari
762 1993 881 2074 potest.
921 1988 1118 2056 Admonebo

150 2082 262 2144 tamen
279 2100 345 2144 uno
363 2083 421 2144 aut
440 2080 544 2145 altero
564 2083 767 2163 argumento,
788 2083 946 2164 quantum
963 2078 1018 2144 lex
1034 2079 1119 2165 ipsa,

152 2167 181 2233 si
211 2167 261 2232 ita
293 2166 465 2252 accipitur,
497 2189 636 2251 passura
664 2167 819 2234 iniuriam
849 2167 902 2233 sit.
952 2167 1117 2250 fingamus

151 2255 247 2340 enim,
262 2255 446 2322 adulterum
460 2256 513 2320 vel
531 2279 590 2323 sua
607 2256 776 2322 voluntate
795 2257 846 2321 vel
864 2257 958 2322 arom
974 2257 1118 2324 interve-

151 2343 260 2442 niente
289 2344 360 2411 fato
390 2345 505 2411 statim
535 2345 724 2411 decessisse:
756 2346 819 2411 hoc
845 2345 968 2411 iustum
995 2348 1120 2431 poterit

98 2446 132 2496 ae
151 2433 266 2520 videri,
299 2438 337 2501 ut
365 2434 519 2519 quoniam
549 2435 689 2502 alterum
716 2435 825 2500 debito
857 2435 1015 2520 supplicio
1045 2436 1118 2502 fata

152 2522 383 2608 subtraxerint,
406 2524 512 2590 altera
534 2545 663 2612 quoque
681 2523 911 2609 impunitatem
929 2525 1118 2594 mereatur?

151 2609 326 2697 fingamus,
357 2611 586 2697 a<du>lterum
613 2613 811 2680 conscientia
839 2613 982 2680 oriminis
1005 2613 1118 2701 prolu-

152 2699 253 2802 gisse,
266 2701 367 2802 ,nullo
390 2702 487 2767 modo
510 2702 616 2768 facere
639 2702 691 2767 sui
712 2705 922 2788 potestatem:
957 2703 1119 2790 numquid

98 2891 133 2942 ³0
152 2789 446 2946 accurrere
462 2791 1118 2950 rardtuuuccceue

96 2989 114 3000 ·
151 2967 250 3045 modo
278 2967 311 3033 id
334 2968 456 3035 iustum
480 2969 583 3036 videri
605 2971 724 3056 potest.
769 2992 845 3038 nam
868 2970 910 3057 is,
946 2971 1003 3056 qui
1025 2971 1118 3042 dicit:

152 3078 226 3122 cum
249 3057 397 3124 adultero
420 3059 511 3145 prius
536 3079 633 3144 agere
656 3059 767 3142 debes,
794 3059 994 3127 illuddicit:
1024 3061 1117 3146 prius

151 3165 226 3210 cum
255 3146 401 3212 adultero
431 3167 501 3232 age.
540 3147 710 3234 ‘fingamus
735 3148 834 3234 enim,
858 3149 911 3214 vel
935 3172 954 3215 a
977 3154 1010 3215 te
1033 3151 1115 3239 ipsa,

173 3275 178 3282 “
223 3272 258 3321 23
276 3267 318 3322 ita
335 3272 370 3338 A,
394 3266 527 3332 corajRo
554 3269 564 3340 ΙΙ
591 3274 626 3325 24
648 3269 724 3326 facto
748 3273 789 3324 ns
810 3271 829 3340 11·
843 3272 877 3326 26
900 3270 977 3329 facta
994 3276 1017 3328 Δ
1044 3274 1054 3344 11
1082 3279 1116 3328 27

150 3335 373 3412 *a(du>lterum
393 3341 402 3410 ΙΙ
425 3345 459 3396 33
479 3340 564 3396 *cum
583 3339 724 3411 adultero,
743 3327 866 3415 <deinde
885 3358 948 3399 oum
967 3343 1118 3419 adultera>

151 3424 213 3481 age.
232 3409 369 3481 fingamus
387 3412 483 3468 alutem
501 3417 549 3470 cto.
568 3411 606 3484 (?)
