<?xml version="1.0" encoding="UTF-8"?>
<!DOCTYPE html PUBLIC "-//W3C//DTD XHTML 1.0 Transitional//EN"
    "http://www.w3.org/TR/xhtml1/DTD/xhtml1-transitional.dtd">
<html xmlns="http://www.w3.org/1999/xhtml" xml:lang="en" lang="en">
 <head>
  <title>
</title>
<meta http-equiv="Content-Type" content="text/html;charset=utf-8" />
  <meta name='ocr-system' content='tesseract 3.04.00' />
  <meta name='ocr-capabilities' content='ocr_page ocr_carea ocr_par ocr_line ocrx_word'/>
</head>
<body>
  <div class='ocr_page' id='page_1' title='image "./mfabiiquintilia01rittgoog_0373.png"; bbox 0 0 2386 3816; ppageno 0'>
   <div class='ocr_carea' id='block_1_1' title="bbox 134 143 730 212">
    <p class='ocr_par' dir='ltr' id='par_1_1' title="bbox 134 143 730 212">
     <span class='ocr_line' id='line_1_1' title="bbox 134 143 730 212; baseline -0.007 -11"><span class='ocrx_word' id='word_1_1' title='bbox 134 147 199 212; x_wconf 83' lang='lat'><strong>338</strong></span> <span class='ocrx_word' id='word_1_2' title='bbox 500 143 730 211; x_wconf 81' lang='lat' dir='ltr'><strong>QUINTILIANI</strong></span> 
     </span>
    </p>
   </div>
   <div class='ocr_carea' id='block_1_2' title="bbox 101 306 1103 747">
    <p class='ocr_par' dir='ltr' id='par_1_2' title="bbox 134 306 1101 393">
     <span class='ocr_line' id='line_1_2' title="bbox 134 306 1101 393; baseline -0.004 -20"><span class='ocrx_word' id='word_1_3' title='bbox 134 310 230 391; x_wconf 88' lang='lat' dir='ltr'><strong>dicas,</strong></span> <span class='ocrx_word' id='word_1_4' title='bbox 252 310 378 375; x_wconf 84' lang='lat' dir='ltr'><strong>vocem!</strong></span> <span class='ocrx_word' id='word_1_5' title='bbox 400 311 584 392; x_wconf 76' lang='lat' dir='ltr'><strong>&gt;torqueat</strong></span> <span class='ocrx_word' id='word_1_6' title='bbox 602 307 717 393; x_wconf 87' lang='lat' dir='ltr'><strong>inquit,</strong></span> <span class='ocrx_word' id='word_1_7' title='bbox 736 306 847 372; x_wconf 92' lang='lat' dir='ltr'><strong>modo:</strong></span> <span class='ocrx_word' id='word_1_8' title='bbox 870 310 975 371; x_wconf 88' lang='lat' dir='ltr'><strong>mater</strong></span> <span class='ocrx_word' id='word_1_9' title='bbox 992 327 1101 371; x_wconf 76' lang='lat' dir='ltr'><strong>suma</strong></span> 
     </span>
    </p>

    <p class='ocr_par' dir='ltr' id='par_1_3' title="bbox 135 395 1099 480">
     <span class='ocr_line' id='line_1_3' title="bbox 135 395 1099 480; baseline -0.002 -18"><span class='ocrx_word' id='word_1_10' title='bbox 135 398 224 462; x_wconf 91' lang='lat' dir='ltr'><strong>aliud</strong></span> <span class='ocrx_word' id='word_1_11' title='bbox 252 401 303 462; x_wconf 88' lang='lat' dir='ltr'><strong>est</strong></span> <span class='ocrx_word' id='word_1_12' title='bbox 325 397 451 479; x_wconf 84' lang='lat' dir='ltr'><strong>nutrix,</strong></span> <span class='ocrx_word' id='word_1_13' title='bbox 484 399 516 460; x_wconf 91' lang='lat' dir='ltr'><strong>et</strong></span> <span class='ocrx_word' id='word_1_14' title='bbox 539 397 672 480; x_wconf 86' lang='lat' dir='ltr'><strong>ancilla,</strong></span> <span class='ocrx_word' id='word_1_15' title='bbox 704 402 737 460; x_wconf 92' lang='lat' dir='ltr'><strong>et</strong></span> <span class='ocrx_word' id='word_1_16' title='bbox 759 399 932 480; x_wconf 72' lang='lat' dir='ltr'>torquente</span> <span class='ocrx_word' id='word_1_17' title='bbox 956 395 1099 460; x_wconf 89' lang='lat' dir='ltr'><strong>domino.</strong></span> 
     </span>
    </p>

    <p class='ocr_par' dir='ltr' id='par_1_4' title="bbox 135 484 1102 570">
     <span class='ocr_line' id='line_1_4' title="bbox 135 484 1102 570; baseline -0.005 -19"><span class='ocrx_word' id='word_1_18' title='bbox 135 506 205 570; x_wconf 81' lang='lat' dir='ltr'><strong>age,</strong></span> <span class='ocrx_word' id='word_1_19' title='bbox 229 509 301 551; x_wconf 90' lang='lat' dir='ltr'><strong>cum</strong></span> <span class='ocrx_word' id='word_1_20' title='bbox 323 487 359 550; x_wconf 91' lang='lat' dir='ltr'><strong>in</strong></span> <span class='ocrx_word' id='word_1_21' title='bbox 381 486 443 550; x_wconf 90' lang='lat' dir='ltr'><strong>hac</strong></span> <span class='ocrx_word' id='word_1_22' title='bbox 466 507 545 550; x_wconf 90' lang='lat' dir='ltr'><strong>voce</strong></span> <span class='ocrx_word' id='word_1_23' title='bbox 565 507 750 569; x_wconf 87' lang='lat' dir='ltr'><strong>supremum</strong></span> <span class='ocrx_word' id='word_1_24' title='bbox 769 484 917 569; x_wconf 84' lang='lat' dir='ltr'>posueris</span> <span class='ocrx_word' id='word_1_25' title='bbox 937 484 1102 568; x_wconf 84' lang='lat' dir='ltr'><strong>spiritum,</strong></span> 
     </span>
    </p>

    <p class='ocr_par' dir='ltr' id='par_1_5' title="bbox 101 572 1103 747">
     <span class='ocr_line' id='line_1_5' title="bbox 135 572 1103 640; baseline -0.003 -1"><span class='ocrx_word' id='word_1_26' title='bbox 135 575 186 640; x_wconf 93' lang='lat' dir='ltr'><strong>cui</strong></span> <span class='ocrx_word' id='word_1_27' title='bbox 205 575 353 640; x_wconf 88' lang='lat' dir='ltr'><strong>iuvenem</strong></span> <span class='ocrx_word' id='word_1_28' title='bbox 373 573 529 639; x_wconf 83' lang='lat' dir='ltr'><strong>reddituri</strong></span> <span class='ocrx_word' id='word_1_29' title='bbox 549 573 681 638; x_wconf 81' lang='lat' dir='ltr'><strong>sumus?</strong></span> <span class='ocrx_word' id='word_1_30' title='bbox 700 575 830 638; x_wconf 82' lang='lat' dir='ltr'>volesne</span> <span class='ocrx_word' id='word_1_31' title='bbox 848 573 942 638; x_wconf 91' lang='lat' dir='ltr'><strong>illum</strong></span> <span class='ocrx_word' id='word_1_32' title='bbox 956 572 996 636; x_wconf 89' lang='lat' dir='ltr'><strong>ad</strong></span> <span class='ocrx_word' id='word_1_33' title='bbox 1011 572 1103 636; x_wconf 89' lang='lat' dir='ltr'><strong>hunc</strong></span> 
     </span>
     <span class='ocr_line' id='line_1_6' title="bbox 101 662 862 747; baseline -0.005 -17"><span class='ocrx_word' id='word_1_34' title='bbox 101 666 262 747; x_wconf 77' lang='lat' dir='ltr'><strong>opatrem</strong></span> <span class='ocrx_word' id='word_1_35' title='bbox 286 665 406 729; x_wconf 87' lang='lat' dir='ltr'><strong>reverti</strong></span> <span class='ocrx_word' id='word_1_36' title='bbox 429 667 463 728; x_wconf 92' lang='lat' dir='ltr'><strong>et</strong></span> <span class='ocrx_word' id='word_1_37' title='bbox 486 662 527 727; x_wconf 88' lang='lat' dir='ltr'><strong>ad</strong></span> <span class='ocrx_word' id='word_1_38' title='bbox 550 663 642 727; x_wconf 90' lang='lat' dir='ltr'><strong>illam</strong></span> <span class='ocrx_word' id='word_1_39' title='bbox 665 662 862 728; x_wconf 82' lang='lat' dir='ltr'><strong>novercam?</strong></span> 
     </span>
    </p>
   </div>
   <div class='ocr_carea' id='block_1_3' title="bbox 366 798 749 906">
    <p class='ocr_par' dir='ltr' id='par_1_6' title="bbox 366 798 749 906">
     <span class='ocr_line' id='line_1_7' title="bbox 366 798 749 906; baseline 0 0"><span class='ocrx_word' id='word_1_40' title='bbox 366 798 368 803; x_wconf 65' lang='grc'>’</span> <span class='ocrx_word' id='word_1_41' title='bbox 489 837 749 906; x_wconf 68' lang='lat' dir='ltr'><strong>cocum.</strong></span> 
     </span>
    </p>
   </div>
   <div class='ocr_carea' id='block_1_4' title="bbox 392 961 835 1044">
    <p class='ocr_par' dir='ltr' id='par_1_7' title="bbox 392 961 835 1044">
     <span class='ocr_line' id='line_1_8' title="bbox 392 961 835 1044; baseline 0 -16"><span class='ocrx_word' id='word_1_42' title='bbox 392 962 546 1044; x_wconf 82' lang='lat' dir='ltr'><strong>Rogatio</strong></span> <span class='ocrx_word' id='word_1_43' title='bbox 569 961 835 1029; x_wconf 80' lang='lat' dir='ltr'><strong>Demosthenis.</strong></span> 
     </span>
    </p>
   </div>
   <div class='ocr_carea' id='block_1_5' title="bbox 85 1086 1100 1351">
    <p class='ocr_par' dir='ltr' id='par_1_8' title="bbox 85 1086 1100 1351">
     <span class='ocr_line' id='line_1_9' title="bbox 135 1086 1098 1174; baseline -0.003 -19"><span class='ocrx_word' id='word_1_44' title='bbox 135 1088 354 1174; x_wconf 76' lang='lat' dir='ltr'><strong>Rogationem</strong></span> <span class='ocrx_word' id='word_1_45' title='bbox 384 1087 450 1153; x_wconf 84' lang='lat' dir='ltr'><strong>fert</strong></span> <span class='ocrx_word' id='word_1_46' title='bbox 471 1086 723 1172; x_wconf 85' lang='lat' dir='ltr'><strong>Demosthenes,</strong></span> <span class='ocrx_word' id='word_1_47' title='bbox 754 1109 796 1152; x_wconf 92' lang='lat' dir='ltr'><strong>ne</strong></span> <span class='ocrx_word' id='word_1_48' title='bbox 829 1086 894 1170; x_wconf 84' lang='lat' dir='ltr'><strong>illi,</strong></span> <span class='ocrx_word' id='word_1_49' title='bbox 926 1086 981 1170; x_wconf 90' lang='lat' dir='ltr'><strong>qui</strong></span> <span class='ocrx_word' id='word_1_50' title='bbox 1009 1086 1098 1170; x_wconf 87' lang='lat' dir='ltr'><strong>apud</strong></span> 
     </span>
     <span class='ocr_line' id='line_1_10' title="bbox 225 1175 1100 1260; baseline -0.003 -17"><span class='ocrx_word' id='word_1_51' title='bbox 225 1176 447 1244; x_wconf 78' lang='lat' dir='ltr'><strong>Chaeroneam</strong></span> <span class='ocrx_word' id='word_1_52' title='bbox 460 1176 548 1260; x_wconf 89' lang='lat' dir='ltr'><strong>capti</strong></span> <span class='ocrx_word' id='word_1_53' title='bbox 562 1179 655 1241; x_wconf 86' lang='lat' dir='ltr'><strong>erant</strong></span> <span class='ocrx_word' id='word_1_54' title='bbox 670 1175 853 1260; x_wconf 88' lang='lat' dir='ltr'><strong>aPhilippo</strong></span> <span class='ocrx_word' id='word_1_55' title='bbox 874 1179 907 1240; x_wconf 92' lang='lat' dir='ltr'><strong>et</strong></span> <span class='ocrx_word' id='word_1_56' title='bbox 925 1175 1029 1259; x_wconf 83' lang='lat' dir='ltr'><strong>gratis</strong></span> <span class='ocrx_word' id='word_1_57' title='bbox 1049 1197 1100 1240; x_wconf 90' lang='lat' dir='ltr'><strong>re·</strong></span> 
     </span>
     <span class='ocr_line' id='line_1_11' title="bbox 85 1261 956 1351; baseline -0.003 -21"><span class='ocrx_word' id='word_1_58' title='bbox 85 1283 118 1331; x_wconf 91' lang='lat'><strong>10</strong></span> <span class='ocrx_word' id='word_1_59' title='bbox 163 1269 169 1279; x_wconf 80' lang='grc'><em>“</em></span> <span class='ocrx_word' id='word_1_60' title='bbox 229 1267 329 1351; x_wconf 88' lang='lat' dir='ltr'><strong>missi,</strong></span> <span class='ocrx_word' id='word_1_61' title='bbox 353 1265 497 1332; x_wconf 88' lang='lat' dir='ltr'><strong>consiliis</strong></span> <span class='ocrx_word' id='word_1_62' title='bbox 521 1265 660 1348; x_wconf 90' lang='lat' dir='ltr'><strong>publicis</strong></span> <span class='ocrx_word' id='word_1_63' title='bbox 683 1265 847 1330; x_wconf 76' lang='lat' dir='ltr'><strong>intersint.</strong></span> <span class='ocrx_word' id='word_1_64' title='bbox 869 1261 902 1328; x_wconf 84' lang='lat' dir='ltr'><strong>O.</strong></span> <span class='ocrx_word' id='word_1_65' title='bbox 916 1263 956 1328; x_wconf 90' lang='lat' dir='ltr'><strong>D.</strong></span> 
     </span>
    </p>
   </div>
   <div class='ocr_carea' id='block_1_6' title="bbox 457 1438 793 1506">
    <p class='ocr_par' dir='ltr' id='par_1_9' title="bbox 457 1438 793 1506">
     <span class='ocr_line' id='line_1_12' title="bbox 457 1438 793 1506; baseline -0.003 -1"><span class='ocrx_word' id='word_1_66' title='bbox 457 1438 793 1506; x_wconf 79' lang='lat' dir='ltr'><strong>DECLAMATIO.</strong></span> 
     </span>
    </p>
   </div>
   <div class='ocr_carea' id='block_1_7' title="bbox 83 1565 1108 3071">
    <p class='ocr_par' dir='ltr' id='par_1_10' title="bbox 136 1565 1101 1829">
     <span class='ocr_line' id='line_1_13' title="bbox 201 1565 1099 1652; baseline 0.001 -22"><span class='ocrx_word' id='word_1_67' title='bbox 201 1565 395 1650; x_wconf 85' lang='lat' dir='ltr'><strong>Priusquam</strong></span> <span class='ocrx_word' id='word_1_68' title='bbox 429 1587 543 1630; x_wconf 88' lang='lat' dir='ltr'><strong>causas</strong></span> <span class='ocrx_word' id='word_1_69' title='bbox 575 1566 757 1650; x_wconf 79' lang='lat' dir='ltr'><strong>rogationis</strong></span> <span class='ocrx_word' id='word_1_70' title='bbox 788 1587 879 1630; x_wconf 88' lang='lat' dir='ltr'><strong>meae</strong></span> <span class='ocrx_word' id='word_1_71' title='bbox 911 1587 1099 1652; x_wconf 89' lang='lat' dir='ltr'><strong>persequar,</strong></span> 
     </span>
     <span class='ocr_line' id='line_1_14' title="bbox 136 1653 1101 1739; baseline 0.002 -21"><span class='ocrx_word' id='word_1_72' title='bbox 136 1653 361 1739; x_wconf 83' lang='lat' dir='ltr'><strong>Athenienses,</strong></span> <span class='ocrx_word' id='word_1_73' title='bbox 389 1654 548 1719; x_wconf 78' lang='lat' dir='ltr'><strong>succurrit</strong></span> <span class='ocrx_word' id='word_1_74' title='bbox 573 1654 655 1718; x_wconf 92' lang='lat' dir='ltr'><strong>mihi</strong></span> <span class='ocrx_word' id='word_1_75' title='bbox 677 1654 811 1719; x_wconf 89' lang='lat' dir='ltr'><strong>laudare</strong></span> <span class='ocrx_word' id='word_1_76' title='bbox 831 1677 900 1739; x_wconf 83' lang='lat' dir='ltr'><strong>vos,</strong></span> <span class='ocrx_word' id='word_1_77' title='bbox 924 1658 957 1719; x_wconf 91' lang='lat' dir='ltr'><strong>et</strong></span> <span class='ocrx_word' id='word_1_78' title='bbox 976 1654 1101 1736; x_wconf 86' lang='lat' dir='ltr'><strong>ad[oo]-</strong></span> 
     </span>
     <span class='ocr_line' id='line_1_15' title="bbox 136 1742 1101 1829; baseline 0 -20"><span class='ocrx_word' id='word_1_79' title='bbox 136 1764 299 1829; x_wconf 82' lang='lat' dir='ltr'><strong>gnoscere.</strong></span> <span class='ocrx_word' id='word_1_80' title='bbox 344 1746 421 1827; x_wconf 88' lang='lat' dir='ltr'><strong>post</strong></span> <span class='ocrx_word' id='word_1_81' title='bbox 453 1742 623 1808; x_wconf 87' lang='lat' dir='ltr'><strong>adversum</strong></span> <span class='ocrx_word' id='word_1_82' title='bbox 652 1743 827 1827; x_wconf 86' lang='lat' dir='ltr'><strong>proelium,</strong></span> <span class='ocrx_word' id='word_1_83' title='bbox 856 1743 942 1827; x_wconf 91' lang='lat' dir='ltr'><strong>quod</strong></span> <span class='ocrx_word' id='word_1_84' title='bbox 970 1744 1101 1827; x_wconf 91' lang='lat' dir='ltr'><strong>quidem</strong></span> 
     </span>
    </p>

    <p class='ocr_par' dir='ltr' id='par_1_11' title="bbox 83 1831 1108 2272">
     <span class='ocr_line' id='line_1_16' title="bbox 83 1831 1101 1917; baseline 0.001 -21"><span class='ocrx_word' id='word_1_85' title='bbox 83 1847 116 1896; x_wconf 78' lang='lat'><strong>15</strong></span> <span class='ocrx_word' id='word_1_86' title='bbox 136 1833 213 1917; x_wconf 86' lang='lat' dir='ltr'><strong>ipsi,</strong></span> <span class='ocrx_word' id='word_1_87' title='bbox 241 1833 297 1917; x_wconf 92' lang='lat' dir='ltr'><strong>qui</strong></span> <span class='ocrx_word' id='word_1_88' title='bbox 325 1833 422 1897; x_wconf 88' lang='lat' dir='ltr'><strong>rebus</strong></span> <span class='ocrx_word' id='word_1_89' title='bbox 445 1831 740 1916; x_wconf 63' lang='lat' dir='ltr'><strong>Philippicarum,</strong></span> <span class='ocrx_word' id='word_1_90' title='bbox 768 1832 879 1897; x_wconf 89' lang='lat' dir='ltr'><strong>dolore</strong></span> <span class='ocrx_word' id='word_1_91' title='bbox 904 1854 941 1897; x_wconf 88' lang='lat' dir='ltr'><strong>ac</strong></span> <span class='ocrx_word' id='word_1_92' title='bbox 963 1834 1101 1898; x_wconf 89' lang='lat' dir='ltr'><strong>rumori·</strong></span> 
     </span>
     <span class='ocr_line' id='line_1_17' title="bbox 136 1921 1101 2005; baseline 0.001 -19"><span class='ocrx_word' id='word_1_93' title='bbox 136 1922 197 1987; x_wconf 92' lang='lat' dir='ltr'><strong>bus</strong></span> <span class='ocrx_word' id='word_1_94' title='bbox 225 1922 260 1987; x_wconf 94' lang='lat' dir='ltr'><strong>in</strong></span> <span class='ocrx_word' id='word_1_95' title='bbox 287 1922 394 1986; x_wconf 88' lang='lat' dir='ltr'><strong>maius</strong></span> <span class='ocrx_word' id='word_1_96' title='bbox 422 1921 596 2004; x_wconf 83' lang='lat' dir='ltr'><strong>extollunt,</strong></span> <span class='ocrx_word' id='word_1_97' title='bbox 623 1941 689 1985; x_wconf 88' lang='lat' dir='ltr'><strong>non</strong></span> <span class='ocrx_word' id='word_1_98' title='bbox 716 1942 830 2004; x_wconf 86' lang='lat' dir='ltr'><strong>paoem</strong></span> <span class='ocrx_word' id='word_1_99' title='bbox 858 1921 1004 2005; x_wconf 87' lang='lat' dir='ltr'><strong>petistis,</strong></span> <span class='ocrx_word' id='word_1_100' title='bbox 1033 1944 1101 1987; x_wconf 89' lang='lat' dir='ltr'><strong>non</strong></span> 
     </span>
     <span class='ocr_line' id='line_1_18' title="bbox 136 2008 1101 2094; baseline 0.001 -20"><span class='ocrx_word' id='word_1_101' title='bbox 136 2010 175 2074; x_wconf 90' lang='lat' dir='ltr'><strong>de</strong></span> <span class='ocrx_word' id='word_1_102' title='bbox 204 2010 446 2075; x_wconf 84' lang='lat' dir='ltr'><strong>condicionibus</strong></span> <span class='ocrx_word' id='word_1_103' title='bbox 474 2009 549 2074; x_wconf 91' lang='lat' dir='ltr'><strong>ullis</strong></span> <span class='ocrx_word' id='word_1_104' title='bbox 577 2031 650 2074; x_wconf 93' lang='lat' dir='ltr'><strong>cum</strong></span> <span class='ocrx_word' id='word_1_105' title='bbox 678 2008 771 2074; x_wconf 91' lang='lat' dir='ltr'><strong>hoste</strong></span> <span class='ocrx_word' id='word_1_106' title='bbox 798 2010 979 2093; x_wconf 80' lang='lat' dir='ltr'><strong>tractastis3</strong></span> <span class='ocrx_word' id='word_1_107' title='bbox 1009 2011 1101 2094; x_wconf 90' lang='lat' dir='ltr'><strong>ipsos</strong></span> 
     </span>
     <span class='ocr_line' id='line_1_19' title="bbox 136 2097 1108 2181; baseline 0.001 -19"><span class='ocrx_word' id='word_1_108' title='bbox 136 2099 236 2162; x_wconf 91' lang='lat' dir='ltr'><strong>etiam</strong></span> <span class='ocrx_word' id='word_1_109' title='bbox 268 2098 444 2181; x_wconf 88' lang='lat' dir='ltr'><strong>repetendo</strong></span> <span class='ocrx_word' id='word_1_110' title='bbox 478 2098 623 2181; x_wconf 87' lang='lat' dir='ltr'><strong>captivos</strong></span> <span class='ocrx_word' id='word_1_111' title='bbox 656 2097 719 2162; x_wconf 91' lang='lat' dir='ltr'><strong>hoc</strong></span> <span class='ocrx_word' id='word_1_112' title='bbox 751 2098 955 2181; x_wconf 87' lang='lat' dir='ltr'><strong>ostendistis,</strong></span> <span class='ocrx_word' id='word_1_113' title='bbox 988 2113 1108 2163; x_wconf 85' lang='lat' dir='ltr'><strong>curam·</strong></span> 
     </span>
     <span class='ocr_line' id='line_1_20' title="bbox 137 2186 1100 2272; baseline 0.001 -21"><span class='ocrx_word' id='word_1_114' title='bbox 137 2208 208 2251; x_wconf 88' lang='lat' dir='ltr'><strong>esse</strong></span> <span class='ocrx_word' id='word_1_115' title='bbox 231 2186 335 2270; x_wconf 83' lang='lat' dir='ltr'><strong>vobis,</strong></span> <span class='ocrx_word' id='word_1_116' title='bbox 358 2190 395 2250; x_wconf 94' lang='lat' dir='ltr'><strong>ut</strong></span> <span class='ocrx_word' id='word_1_117' title='bbox 416 2186 536 2250; x_wconf 93' lang='lat' dir='ltr'><strong>bellum</strong></span> <span class='ocrx_word' id='word_1_118' title='bbox 561 2186 630 2272; x_wconf 86' lang='lat' dir='ltr'><strong>geri</strong></span> <span class='ocrx_word' id='word_1_119' title='bbox 648 2190 768 2271; x_wconf 90' lang='lat' dir='ltr'><strong>posset.</strong></span> <span class='ocrx_word' id='word_1_120' title='bbox 802 2186 835 2251; x_wconf 93' lang='lat' dir='ltr'><strong>id</strong></span> <span class='ocrx_word' id='word_1_121' title='bbox 855 2187 954 2270; x_wconf 88' lang='lat' dir='ltr'><strong>[cum]</strong></span> <span class='ocrx_word' id='word_1_122' title='bbox 974 2187 1100 2253; x_wconf 89' lang='lat' dir='ltr'><strong>fecistis</strong></span> 
     </span>
    </p>

    <p class='ocr_par' dir='ltr' id='par_1_12' title="bbox 83 2274 1102 2716">
     <span class='ocr_line' id='line_1_21' title="bbox 83 2274 1102 2361; baseline 0.002 -23"><span class='ocrx_word' id='word_1_123' title='bbox 83 2289 116 2338; x_wconf 81' lang='lat'><strong>20</strong></span> <span class='ocrx_word' id='word_1_124' title='bbox 137 2275 253 2359; x_wconf 69' lang='lat' dir='ltr'><strong>(cum)</strong></span> <span class='ocrx_word' id='word_1_125' title='bbox 294 2296 353 2357; x_wconf 91' lang='lat' dir='ltr'><strong>pro</strong></span> <span class='ocrx_word' id='word_1_126' title='bbox 395 2274 554 2340; x_wconf 87' lang='lat' dir='ltr'><strong>maiorum</strong></span> <span class='ocrx_word' id='word_1_127' title='bbox 593 2280 775 2341; x_wconf 84' lang='lat' dir='ltr'><strong>vestrorum</strong></span> <span class='ocrx_word' id='word_1_128' title='bbox 813 2277 964 2360; x_wconf 90' lang='lat' dir='ltr'><strong>opinione</strong></span> <span class='ocrx_word' id='word_1_129' title='bbox 1002 2280 1102 2361; x_wconf 81' lang='lat' dir='ltr'><strong>atque</strong></span> 
     </span>
     <span class='ocr_line' id='line_1_22' title="bbox 136 2363 1102 2450; baseline 0.001 -22"><span class='ocrx_word' id='word_1_130' title='bbox 136 2364 232 2429; x_wconf 89' lang='lat' dir='ltr'><strong>lauda</strong></span> <span class='ocrx_word' id='word_1_131' title='bbox 256 2366 445 2448; x_wconf 82' lang='lat' dir='ltr'><strong>servataque</strong></span> <span class='ocrx_word' id='word_1_132' title='bbox 472 2385 574 2447; x_wconf 88' lang='lat' dir='ltr'><strong>usque</strong></span> <span class='ocrx_word' id='word_1_133' title='bbox 597 2363 638 2429; x_wconf 88' lang='lat' dir='ltr'><strong>ad</strong></span> <span class='ocrx_word' id='word_1_134' title='bbox 661 2364 723 2430; x_wconf 90' lang='lat' dir='ltr'><strong>hoo</strong></span> <span class='ocrx_word' id='word_1_135' title='bbox 745 2368 874 2448; x_wconf 87' lang='lat' dir='ltr'><strong>tempus</strong></span> <span class='ocrx_word' id='word_1_136' title='bbox 898 2364 1004 2450; x_wconf 85' lang='lat' dir='ltr'><strong>gioria</strong></span> <span class='ocrx_word' id='word_1_137' title='bbox 1026 2366 1102 2430; x_wconf 89' lang='lat' dir='ltr'><strong>civi·</strong></span> 
     </span>
     <span class='ocr_line' id='line_1_23' title="bbox 136 2451 1102 2540; baseline 0.001 -22"><span class='ocrx_word' id='word_1_138' title='bbox 136 2453 226 2537; x_wconf 83' lang='lat' dir='ltr'><strong>tatis,</strong></span> <span class='ocrx_word' id='word_1_139' title='bbox 247 2457 317 2517; x_wconf 91' lang='lat' dir='ltr'><strong>tum</strong></span> <span class='ocrx_word' id='word_1_140' title='bbox 336 2453 436 2518; x_wconf 89' lang='lat' dir='ltr'><strong>etiam</strong></span> <span class='ocrx_word' id='word_1_141' title='bbox 456 2451 506 2535; x_wconf 92' lang='lat' dir='ltr'><strong>(ut</strong></span> <span class='ocrx_word' id='word_1_142' title='bbox 524 2451 680 2540; x_wconf 85' lang='lat' dir='ltr'><strong>arbitror)</strong></span> <span class='ocrx_word' id='word_1_143' title='bbox 700 2454 826 2518; x_wconf 87' lang='lat' dir='ltr'><strong>ratione</strong></span> <span class='ocrx_word' id='word_1_144' title='bbox 846 2453 994 2538; x_wconf 83' lang='lat' dir='ltr'><strong>quadam,</strong></span> <span class='ocrx_word' id='word_1_145' title='bbox 1014 2453 1102 2539; x_wconf 89' lang='lat' dir='ltr'><strong>quod</strong></span> 
     </span>
     <span class='ocr_line' id='line_1_24' title="bbox 135 2542 1101 2626; baseline 0.001 -20"><span class='ocrx_word' id='word_1_146' title='bbox 135 2563 196 2606; x_wconf 91' lang='lat' dir='ltr'><strong>nos</strong></span> <span class='ocrx_word' id='word_1_147' title='bbox 224 2542 326 2606; x_wconf 84' lang='lat' dir='ltr'><strong>victos</strong></span> <span class='ocrx_word' id='word_1_148' title='bbox 358 2564 425 2607; x_wconf 90' lang='lat' dir='ltr'><strong>non</strong></span> <span class='ocrx_word' id='word_1_149' title='bbox 451 2545 520 2607; x_wconf 89' lang='lat' dir='ltr'><strong>tam</strong></span> <span class='ocrx_word' id='word_1_150' title='bbox 547 2542 668 2607; x_wconf 86' lang='lat' dir='ltr'><strong>virtute</strong></span> <span class='ocrx_word' id='word_1_151' title='bbox 700 2542 817 2625; x_wconf 87' lang='lat' dir='ltr'><strong>hostis,</strong></span> <span class='ocrx_word' id='word_1_152' title='bbox 850 2564 948 2626; x_wconf 91' lang='lat' dir='ltr'><strong>quam</strong></span> <span class='ocrx_word' id='word_1_153' title='bbox 980 2564 1101 2626; x_wconf 71' lang='lat' dir='ltr'><strong>eorum</strong></span> 
     </span>
     <span class='ocr_line' id='line_1_25' title="bbox 137 2631 1101 2716; baseline 0.002 -22"><span class='ocrx_word' id='word_1_154' title='bbox 137 2631 191 2713; x_wconf 90' lang='lat' dir='ltr'><strong>qui</strong></span> <span class='ocrx_word' id='word_1_155' title='bbox 205 2651 352 2715; x_wconf 81' lang='lat' dir='ltr'><strong>pugnare</strong></span> <span class='ocrx_word' id='word_1_156' title='bbox 371 2631 561 2715; x_wconf 89' lang='lat' dir='ltr'><strong>noluissent,</strong></span> <span class='ocrx_word' id='word_1_157' title='bbox 579 2631 696 2696; x_wconf 89' lang='lat' dir='ltr'><strong>timore</strong></span> <span class='ocrx_word' id='word_1_158' title='bbox 716 2631 964 2696; x_wconf 85' lang='lat' dir='ltr'><strong>existimabatis.</strong></span> <span class='ocrx_word' id='word_1_159' title='bbox 988 2653 1101 2716; x_wconf 89' lang='lat' dir='ltr'><strong>quam-</strong></span> 
     </span>
    </p>

    <p class='ocr_par' dir='ltr' id='par_1_13' title="bbox 83 2719 1102 3071">
     <span class='ocr_line' id='line_1_26' title="bbox 83 2719 1101 2805; baseline 0.004 -24"><span class='ocrx_word' id='word_1_160' title='bbox 83 2732 117 2782; x_wconf 75' lang='lat'><strong>25</strong></span> <span class='ocrx_word' id='word_1_161' title='bbox 136 2719 218 2784; x_wconf 91' lang='lat' dir='ltr'><strong>libet</strong></span> <span class='ocrx_word' id='word_1_162' title='bbox 244 2719 346 2804; x_wconf 81' lang='lat' dir='ltr'><strong>igitur</strong></span> <span class='ocrx_word' id='word_1_163' title='bbox 373 2720 512 2805; x_wconf 90' lang='lat' dir='ltr'><strong>obliquis</strong></span> <span class='ocrx_word' id='word_1_164' title='bbox 542 2719 723 2785; x_wconf 87' lang='lat' dir='ltr'><strong>actionibus</strong></span> <span class='ocrx_word' id='word_1_165' title='bbox 749 2742 827 2805; x_wconf 88' lang='lat' dir='ltr'><strong>pars</strong></span> <span class='ocrx_word' id='word_1_166' title='bbox 856 2719 996 2802; x_wconf 87' lang='lat' dir='ltr'><strong>diversa,</strong></span> <span class='ocrx_word' id='word_1_167' title='bbox 1024 2721 1101 2785; x_wconf 90' lang='lat' dir='ltr'><strong>dum</strong></span> 
     </span>
     <span class='ocr_line' id='line_1_27' title="bbox 138 2807 1102 2894; baseline 0.002 -23"><span class='ocrx_word' id='word_1_168' title='bbox 138 2807 222 2872; x_wconf 91' lang='lat' dir='ltr'><strong>tueri</strong></span> <span class='ocrx_word' id='word_1_169' title='bbox 250 2808 339 2872; x_wconf 90' lang='lat' dir='ltr'><strong>mille</strong></span> <span class='ocrx_word' id='word_1_170' title='bbox 366 2809 449 2874; x_wconf 91' lang='lat' dir='ltr'><strong>istos</strong></span> <span class='ocrx_word' id='word_1_171' title='bbox 478 2809 624 2893; x_wconf 89' lang='lat' dir='ltr'><strong>captivos</strong></span> <span class='ocrx_word' id='word_1_172' title='bbox 653 2808 793 2893; x_wconf 86' lang='lat' dir='ltr'><strong>videtur,</strong></span> <span class='ocrx_word' id='word_1_173' title='bbox 820 2830 933 2892; x_wconf 89' lang='lat' dir='ltr'><strong>pacem</strong></span> <span class='ocrx_word' id='word_1_174' title='bbox 957 2809 1102 2894; x_wconf 85' lang='lat' dir='ltr'><strong>suadeat,</strong></span> 
     </span>
     <span class='ocr_line' id='line_1_28' title="bbox 139 2895 1100 2981; baseline 0.002 -22"><span class='ocrx_word' id='word_1_175' title='bbox 139 2895 285 2959; x_wconf 91' lang='lat' dir='ltr'><strong>animum</strong></span> <span class='ocrx_word' id='word_1_176' title='bbox 321 2898 538 2981; x_wconf 87' lang='lat' dir='ltr'><strong>virtutemque</strong></span> <span class='ocrx_word' id='word_1_177' title='bbox 573 2897 714 2962; x_wconf 85' lang='lat' dir='ltr'><strong>civitatis</strong></span> <span class='ocrx_word' id='word_1_178' title='bbox 748 2897 918 2962; x_wconf 88' lang='lat' dir='ltr'><strong>debilitare</strong></span> <span class='ocrx_word' id='word_1_179' title='bbox 950 2901 1100 2963; x_wconf 90' lang='lat' dir='ltr'><strong>conetur:</strong></span> 
     </span>
     <span class='ocr_line' id='line_1_29' title="bbox 139 2983 1101 3071; baseline 0.001 -22"><span class='ocrx_word' id='word_1_180' title='bbox 139 3004 199 3068; x_wconf 85' lang='lat' dir='ltr'><strong>ego</strong></span> <span class='ocrx_word' id='word_1_181' title='bbox 232 2984 349 3068; x_wconf 88' lang='lat' dir='ltr'><strong>loquor</strong></span> <span class='ocrx_word' id='word_1_182' title='bbox 382 2986 467 3068; x_wconf 90' lang='lat' dir='ltr'><strong>apud</strong></span> <span class='ocrx_word' id='word_1_183' title='bbox 500 3007 568 3070; x_wconf 89' lang='lat' dir='ltr'><strong>eos,</strong></span> <span class='ocrx_word' id='word_1_184' title='bbox 604 2986 660 3071; x_wconf 91' lang='lat' dir='ltr'><strong>qui</strong></span> <span class='ocrx_word' id='word_1_185' title='bbox 690 3007 756 3051; x_wconf 90' lang='lat' dir='ltr'><strong>non</strong></span> <span class='ocrx_word' id='word_1_186' title='bbox 787 2986 982 3051; x_wconf 87' lang='lat' dir='ltr'><strong>defecerunt.</strong></span> <span class='ocrx_word' id='word_1_187' title='bbox 1038 2983 1101 3050; x_wconf 81' lang='lat' dir='ltr'><strong>Sed</strong></span> 
     </span>
    </p>
   </div>
   <div class='ocr_carea' id='block_1_8' title="bbox 123 3141 1101 3499">
    <p class='ocr_par' dir='ltr' id='par_1_14' title="bbox 123 3141 1101 3499">
     <span class='ocr_line' id='line_1_30' title="bbox 210 3141 1101 3213; baseline 0.001 -19"><span class='ocrx_word' id='word_1_188' title='bbox 210 3146 224 3194; x_wconf 90' lang='lat'>1</span> <span class='ocrx_word' id='word_1_189' title='bbox 243 3142 408 3209; x_wconf 78' lang='lat' dir='ltr'><strong>torqueatur</strong></span> <span class='ocrx_word' id='word_1_190' title='bbox 425 3143 470 3210; x_wconf 70' lang='lat' dir='ltr'><strong>1³ss</strong></span> <span class='ocrx_word' id='word_1_191' title='bbox 488 3148 503 3196; x_wconf 80' lang='lat'>7</span> <span class='ocrx_word' id='word_1_192' title='bbox 522 3141 701 3197; x_wconf 87' lang='lat' dir='ltr'><strong>Demostenis</strong></span> <span class='ocrx_word' id='word_1_193' title='bbox 719 3147 743 3195; x_wconf 76' lang='lat' dir='ltr'>A</span> <span class='ocrx_word' id='word_1_194' title='bbox 765 3143 775 3212; x_wconf 67' lang='lat' dir='ltr'><em>n</em></span> <span class='ocrx_word' id='word_1_195' title='bbox 797 3149 812 3197; x_wconf 87' lang='lat'>9</span> <span class='ocrx_word' id='word_1_196' title='bbox 833 3142 1006 3198; x_wconf 81' lang='lat' dir='ltr'><strong>Charoneam</strong></span> <span class='ocrx_word' id='word_1_197' title='bbox 1026 3146 1076 3195; x_wconf 73' lang='lat' dir='ltr'><strong>AB</strong></span> <span class='ocrx_word' id='word_1_198' title='bbox 1091 3141 1101 3213; x_wconf 66' lang='lat' dir='ltr'><strong>tt</strong></span> 
     </span>
     <span class='ocr_line' id='line_1_31' title="bbox 136 3212 1100 3284; baseline 0.001 -16"><span class='ocrx_word' id='word_1_199' title='bbox 136 3213 276 3283; x_wconf 85' lang='lat' dir='ltr'><strong>Phylippo</strong></span> <span class='ocrx_word' id='word_1_200' title='bbox 294 3217 371 3265; x_wconf 78' lang='lat' dir='ltr'>B—l’</span> <span class='ocrx_word' id='word_1_201' title='bbox 385 3214 394 3284; x_wconf 78' lang='grc'><strong>11</strong></span> <span class='ocrx_word' id='word_1_202' title='bbox 410 3218 442 3266; x_wconf 80' lang='lat'><strong>12</strong></span> <span class='ocrx_word' id='word_1_203' title='bbox 461 3213 553 3267; x_wconf 85' lang='lat' dir='ltr'><strong>causis</strong></span> <span class='ocrx_word' id='word_1_204' title='bbox 570 3217 594 3265; x_wconf 79' lang='grc' dir='ltr'><strong>Δ</strong></span> <span class='ocrx_word' id='word_1_205' title='bbox 607 3212 616 3281; x_wconf 77' lang='grc' dir='ltr'><strong>Ι]</strong></span> <span class='ocrx_word' id='word_1_206' title='bbox 629 3230 783 3283; x_wconf 87' lang='lat' dir='ltr'><strong>prosequar</strong></span> <span class='ocrx_word' id='word_1_207' title='bbox 800 3219 820 3266; x_wconf 77' lang='lat' dir='ltr'>B</span> <span class='ocrx_word' id='word_1_208' title='bbox 840 3214 849 3283; x_wconf 72' lang='lat' dir='ltr'>fl</span> <span class='ocrx_word' id='word_1_209' title='bbox 869 3218 902 3268; x_wconf 84' lang='lat'><strong>13</strong></span> <span class='ocrx_word' id='word_1_210' title='bbox 922 3213 1100 3269; x_wconf 82' lang='lat' dir='ltr'><strong>Athiniensos</strong></span> 
     </span>
     <span class='ocr_line' id='line_1_32' title="bbox 136 3283 1100 3356; baseline 0 -19"><span class='ocrx_word' id='word_1_211' title='bbox 136 3290 159 3337; x_wconf 78' lang='lat' dir='ltr'>A</span> <span class='ocrx_word' id='word_1_212' title='bbox 177 3285 186 3354; x_wconf 88' lang='grc' dir='ltr'><strong>ΙΙ</strong></span> <span class='ocrx_word' id='word_1_213' title='bbox 204 3284 437 3356; x_wconf 81' lang='lat' dir='ltr'><strong>ad[co]gnoscerc</strong></span> <span class='ocrx_word' id='word_1_214' title='bbox 457 3283 498 3338; x_wconf 83' lang='lat' dir='ltr'><strong>Gr</strong></span> <span class='ocrx_word' id='word_1_215' title='bbox 516 3286 525 3354; x_wconf 87' lang='grc' dir='ltr'><strong>ΙΙ</strong></span> <span class='ocrx_word' id='word_1_216' title='bbox 546 3290 578 3338; x_wconf 77' lang='grc'><strong>15</strong></span> <span class='ocrx_word' id='word_1_217' title='bbox 598 3300 662 3339; x_wconf 87' lang='lat' dir='ltr'><strong>acro</strong></span> <span class='ocrx_word' id='word_1_218' title='bbox 681 3284 804 3340; x_wconf 87' lang='lat' dir='ltr'><strong>moribus</strong></span> <span class='ocrx_word' id='word_1_219' title='bbox 822 3288 843 3337; x_wconf 83' lang='grc' dir='ltr'><strong><em>Β</em></strong></span> <span class='ocrx_word' id='word_1_220' title='bbox 862 3287 872 3354; x_wconf 85' lang='grc' dir='ltr'><strong>ΙΙ</strong></span> <span class='ocrx_word' id='word_1_221' title='bbox 893 3290 925 3339; x_wconf 81' lang='grc'><strong>19</strong></span> <span class='ocrx_word' id='word_1_222' title='bbox 943 3285 1033 3354; x_wconf 83' lang='lat' dir='ltr'><strong>possit</strong></span> <span class='ocrx_word' id='word_1_223' title='bbox 1050 3289 1071 3337; x_wconf 83' lang='lat' dir='ltr'><strong>n</strong></span> <span class='ocrx_word' id='word_1_224' title='bbox 1090 3285 1100 3356; x_wconf 64' lang='lat' dir='ltr'><strong>tt</strong></span> 
     </span>
     <span class='ocr_line' id='line_1_33' title="bbox 138 3352 1099 3428; baseline 0.002 -19"><span class='ocrx_word' id='word_1_225' title='bbox 138 3361 242 3410; x_wconf 83' lang='lat'>19-20</span> <span class='ocrx_word' id='word_1_226' title='bbox 262 3355 351 3427; x_wconf 89' lang='lat' dir='ltr'><strong>[cum]</strong></span> <span class='ocrx_word' id='word_1_227' title='bbox 370 3355 420 3411; x_wconf 85' lang='lat' dir='ltr'><strong>fec.</strong></span> <span class='ocrx_word' id='word_1_228' title='bbox 440 3352 545 3428; x_wconf 79' lang='lat' dir='ltr'><strong>(cum)</strong></span> <span class='ocrx_word' id='word_1_229' title='bbox 563 3354 607 3409; x_wconf 85' lang='lat' dir='ltr'><strong>Ro</strong></span> <span class='ocrx_word' id='word_1_230' title='bbox 625 3356 684 3424; x_wconf 76' lang='lat' dir='ltr'><strong>i24</strong></span> <span class='ocrx_word' id='word_1_231' title='bbox 702 3353 847 3411; x_wconf 87' lang='lat' dir='ltr'><strong>novissent</strong></span> <span class='ocrx_word' id='word_1_232' title='bbox 863 3360 931 3410; x_wconf 69' lang='lat' dir='ltr'><strong>Aah</strong></span> <span class='ocrx_word' id='word_1_233' title='bbox 945 3358 954 3427; x_wconf 78' lang='grc' dir='ltr'><strong>ΙΙ</strong></span> <span class='ocrx_word' id='word_1_234' title='bbox 969 3361 1002 3411; x_wconf 78' lang='grc'><strong>27</strong></span> <span class='ocrx_word' id='word_1_235' title='bbox 1022 3355 1099 3411; x_wconf 85' lang='lat' dir='ltr'><strong>dcvi·</strong></span> 
     </span>
     <span class='ocr_line' id='line_1_34' title="bbox 123 3425 593 3499; baseline 0.004 -21"><span class='ocrx_word' id='word_1_236' title='bbox 123 3425 214 3483; x_wconf 82' lang='lat' dir='ltr'><strong>litare</strong></span> <span class='ocrx_word' id='word_1_237' title='bbox 231 3430 257 3480; x_wconf 81' lang='grc' dir='ltr'><strong><em>Δ</em></strong></span> <span class='ocrx_word' id='word_1_238' title='bbox 268 3429 284 3499; x_wconf 80' lang='lat' dir='ltr'><strong>d</strong></span> <span class='ocrx_word' id='word_1_239' title='bbox 294 3432 330 3484; x_wconf 78' lang='lat'><strong>28</strong></span> <span class='ocrx_word' id='word_1_240' title='bbox 350 3426 507 3485; x_wconf 83' lang='lat' dir='ltr'><strong>defecerint</strong></span> <span class='ocrx_word' id='word_1_241' title='bbox 525 3429 593 3482; x_wconf 71' lang='lat' dir='ltr'><strong>Aah</strong></span> 
     </span>
    </p>
   </div>
   <div class='ocr_carea' id='block_1_9' title="bbox 0 0 1199 3816">
    <p class='ocr_par' dir='ltr' id='par_1_15' title="bbox 0 0 1199 3816">
     <span class='ocr_line' id='line_1_35' title="bbox 0 0 1199 3816; baseline 0 0"><span class='ocrx_word' id='word_1_242' title='bbox 0 0 1199 3816; x_wconf 95' lang='lat' dir='ltr'><strong> </strong></span> 
     </span>
    </p>
   </div>
  </div>
 </body>
</html>
