2386 3816
146 146 211 210 212
511 141 743 210 QUINTILIANI

150 308 317 394 scripserit
337 306 594 372 testamentum?
617 308 728 390 potest
747 304 850 371 videri
867 325 934 371 non
952 305 1115 389 ulmum,

144 398 229 482 quod
258 396 364 482 magis
387 395 458 460 iure
480 395 625 479 primum
648 393 831 460 dixerimus.
871 393 928 459 sed
956 395 1115 480 quemad·

142 487 275 551 modum
301 486 388 550 inter
409 484 581 570 plur[im]a
602 486 798 549 testamenta
821 483 977 550 ultimum
1000 484 1114 550 velere

144 578 284 660 oportet:
316 576 363 640 ite
388 573 472 639 haec
500 573 674 638 manifesta
696 572 779 657 legis
802 573 955 639 voluntas
979 578 1045 659 est,
1074 577 1116 639 ut

110 682 126 730 5
144 664 177 728 id
194 667 429 730 testamentum
446 663 565 746 valeat,
587 665 664 748 post
682 662 769 747 quod
787 661 914 728 nullum
931 665 1113 729 testamen·

143 757 214 819 tum
241 757 300 819 ert.
336 773 441 836 neque
470 754 521 815 est
548 751 739 816 incredibile
769 751 839 819 sine
861 752 974 837 dubio,
1007 744 1114 818 etinim

145 845 219 909 ante
242 843 305 909 hoc
328 843 578 925 testamentum,
606 862 669 926 quc
694 861 755 926 ego
778 840 873 907 heres
895 840 1003 907 factus
1029 862 1115 928 sum,

143 929 1113 1105 intuitui{diutiult'ltsslptitb

94 1126 127 1176 10
144 1115 222 1196 post
245 1113 311 1176 aliu
334 1109 490 1194 scriptum
515 1112 578 1175 est:
601 1108 684 1173 etsi
707 1110 850 1193 primum
874 1110 1032 1194 scriptum
1046 1070 1114 1197 bet,

144 1201 222 1285 quia
253 1201 382 1266 nullum
409 1205 522 1266 tamen
549 1201 600 1263 est
628 1196 716 1283 quod
742 1200 852 1264 vincat
879 1202 913 1264 et
939 1200 1112 1283 potentius

147 1289 191 1353 sit
212 1292 386 1373 posterius,
410 1310 469 1373 pro
492 1287 608 1353 ultimo
631 1286 817 1353 habendum
840 1292 899 1355 est.

24 1457 27 1462 ,
161 1399 163 1403 ·
212 1377 385 1443 Sublatum
414 1377 527 1442 dicunt
554 1378 644 1460 prius
671 1379 904 1443 testamentum
925 1378 1112 1463 posteriore

143 1469 355 1551 testamentc3
391 1485 498 1551 neque
522 1485 583 1552 ego
607 1466 743 1551 infitier,
774 1467 801 1533 ri
824 1468 893 1533 iure
916 1467 1038 1534 factum
1060 1473 1113 1536 est

93 1573 125 1622 15
144 1559 388 1643 testamentum,
410 1555 473 1621 hoc
493 1562 550 1641 est,
570 1555 599 1620 si
616 1560 847 1622 testamentum
866 1561 925 1642 est,
947 1559 1112 1642 potentis-

144 1645 259 1711 simam
290 1668 359 1712 esse
387 1643 531 1711 defuncti
557 1645 742 1730 proximum
770 1659 929 1731 quumque
956 1647 1112 1713 volunta·

143 1739 219 1800 tem.
257 1735 320 1802 Sed
343 1754 429 1820 nego
447 1734 556 1799 ullum
580 1739 696 1819 postes
718 1735 843 1801 factum
865 1738 1111 1802 testumentum.

144 1824 221 1909 quid
250 1831 300 1893 est
323 1826 409 1891 enim
432 1827 690 1889 testamentum?
727 1829 764 1889 ut
796 1825 923 1909 opinor,
952 1825 1110 1891 voluntas

143 1914 286 1982 defuncti
314 1915 507 2001 consignata
534 1914 604 1978 inre
626 1914 818 2000 legibusque
841 1914 992 1980 civitatis.
1039 1937 1110 1981 non

90 2020 124 2070 20
144 2003 279 2069 dixerim
303 2026 365 2091 ego
388 2005 631 2086 testamentum,
655 2002 706 2069 cui
728 2025 883 2068 numerus
902 2003 1110 2088 signatorum

143 2092 247 2178 deest3
283 2116 350 2158 non
379 2091 515 2159 dixerim
538 2094 784 2176 testemonium,
817 2092 869 2156 cui
891 2092 1049 2178 libripens
1073 2097 1111 2158 et

142 2185 269 2265 emptor
295 2181 442 2247 familiae
470 2185 503 2245 et
527 2183 634 2246 cetere
657 2181 721 2244 iuri
743 2181 957 2247 recesserim·
974 2182 1108 2248 tabulae

142 2275 237 2336 erunt
263 2271 404 2336 fortasse
436 2271 469 2334 et
497 2269 654 2353 scriptum
677 2270 747 2334 erit.
794 2273 827 2335 et
848 2270 910 2336 hoc
933 2267 986 2356 (ut
1006 2271 1108 2355 paulo

142 2363 217 2425 ante
231 2360 393 2447 dicebam)
409 2363 520 2425 vestra
535 2381 662 2444 quoque
677 2358 886 2425 menifestum
900 2359 1109 2426 confessione

89 2464 123 2514 25
143 2452 206 2534 est,
237 2472 305 2516 non
333 2471 403 2515 esse
431 2449 512 2514 illud
536 2451 779 2515 testamentum.
820 2447 906 2514 fecto
934 2449 1020 2514 enim
1047 2449 1108 2515 illc

141 2538 247 2605 dicitis
275 2540 493 2625 propinquum
517 2541 662 2603 vestrum
684 2537 878 2604 intestatum
899 2536 1008 2604 fuisse.
1043 2537 1108 2604 hcc

140 2629 273 2712 propius
289 2629 494 2713 colligemus.
513 2631 666 2712 putemus
681 2627 768 2691 enim
782 2627 906 2693 lectum
920 2650 991 2694 esse
1005 2650 1107 2693 unum

140 2716 203 2781 hoc
232 2721 478 2800 testamentum,
516 2715 602 2801 quod
632 2716 827 2781 damnastis:
864 2738 942 2781 num
970 2716 1109 2782 dubium

139 2807 263 2890 testati,
285 2807 319 2870 id
343 2809 400 2889 est,
427 2806 505 2890 quin
523 2807 571 2870 itu
589 2805 723 2870 heredes
741 2805 842 2871 futuri
861 2805 998 2892 fueritis,
1020 2808 1106 2871 tam·

211 3015 398 3089 2plur[im]u
419 3015 463 3071 Ro
480 3017 490 3086 ΙΙ
509 3023 525 3072 6
544 3015 636 3070 sim!
658 3016 668 3085 ΙΙ
692 3021 723 3070 11
743 3017 842 3085 postes
860 3020 923 3086 An,
947 3032 1016 3072 corr·-
1036 3016 1105 3086 Rofl

142 3093 175 3142 12
193 3086 286 3156 priore
305 3092 334 3157 B,
353 3086 447 3157 prime
465 3090 508 3159 ΡΙΙ
523 3093 556 3144 13
575 3087 688 3143 infiteor
702 3091 750 3158 Δι,
769 3104 827 3142 non
846 3088 980 3143 confiteor
995 3089 1034 3159 ΒΙ
1052 3088 1108 3143 *sit

140 3164 188 3212 ΑΒ
211 3161 221 3240 l
245 3165 348 3216 19-20
374 3159 420 3213 cui
437 3176 464 3213 n.
484 3177 505 3215 s.
525 3159 550 3213 d.
570 3177 596 3214 n.
616 3158 643 3214 d.
661 3159 862 3215 testamentum
880 3175 930 3215 om.
949 3164 1017 3213 Aa!
1070 3165 1106 3215 20

139 3230 311 3301 libripens
330 3234 382 3302 Au
405 3237 438 3286 22
457 3230 517 3285 iure
538 3229 580 3286 (ir
601 3232 611 3300 l
634 3235 668 3285 26
687 3231 765 3286 velut
784 3235 847 3302 AB,
871 3247 940 3288 corr.
960 3230 1016 3299 1203
1039 3237 1105 3288 rete-

139 3318 202 3357 rum
220 3303 255 3369 cf.
275 3309 308 3358 29
328 3308 353 3358 et
373 3308 464 3372 213,1
485 3304 631 3370 tamquam
649 3307 674 3357 et
691 3308 787 3370 218,3
807 3319 858 3374 pro
876 3319 932 3358 non
950 3303 1104 3427 fuctcplub

139 3373 243 3501 diditur
261 3378 321 3443 ΑΒ,
345 3390 417 3430 corr.
437 3373 480 3429 Ro
507 3374 517 3443 ΙΙ
543 3374 712 3428 nostrum!
739 3376 748 3443 11
776 3380 809 3429 29
829 3374 878 3443 qui
901 3373 931 3429 in
954 3373 1014 3430 vitu
1058 3374 1103 3431 .f.

131 3462 164 3499 es
185 3445 242 3500 ἈΒ
