2386 3816
158 139 223 194 XIV
531 135 746 192 PRAEFATIO.

157 307 228 347 nam
259 287 471 347 bibliothecam
503 286 634 363 legimus
667 285 698 344 in
729 285 843 344 Blumii
871 285 984 347 Itinere
1015 288 1123 351 Italico

159 378 337 468 (Gottingae
364 387 464 459 1834,
494 383 538 443 IV
560 403 589 459 p.
613 386 677 443 227
699 374 766 464 sq).
811 384 877 443 Iam
908 385 985 444 illud
1017 387 1125 462 incipit

158 483 344 542 simillimum
366 482 432 543 veri
454 481 533 555 fieri,
557 479 749 558 Obigianum,
773 481 810 540 de
832 501 891 557 qno
915 501 1007 558 supra
1029 485 1123 545 locuti

159 600 271 658 sumus,
293 581 406 640 librum
430 577 462 653 0,
486 578 667 654 descriptum
690 597 756 638 esse
779 597 815 638 ex
837 580 890 638 illo
910 577 1122 658 Campaniano,

158 678 242 737 cuius
275 677 436 737 manifesto
463 676 501 735 ab
530 675 641 735 eisdem
667 676 767 736 verbis
786 676 906 736 initium
925 671 1023 760 furer)
1061 679 1125 741 Nec

157 776 255 836 minue
271 777 305 852 B,
329 774 482 834 artissime
501 773 606 834 cumO
626 774 811 849 coniunctus,
833 794 927 851 prope
945 778 1121 852 contingere

156 873 194 932 ad
217 874 292 932 illud
314 877 403 933 vetus
428 872 581 946 exemplar
604 871 729 931 videtur.
766 871 851 942 Quod
874 890 942 930 cum
964 871 1120 934 inventum

156 973 250 1032 sitin
274 970 443 1047 Germania,
465 969 518 1029 ubi
539 968 608 1027 inde
632 968 669 1027 ab
692 969 745 1027 illo
769 970 905 1044 tempore
928 971 1046 1029 nullum
1069 973 1120 1032 ha·

155 1089 223 1128 rum
251 1067 501 1129 declamationum
530 1067 644 1126 certum
672 1066 836 1142 vestigium
864 1069 926 1143 est,
953 1068 1053 1128 nescio
1081 1088 1122 1129 an

156 1169 253 1243 ipsum
278 1166 370 1226 fuerit
393 1165 470 1224 illud
486 1164 647 1241 Agricolae
668 1167 774 1223 notum
796 1170 829 1223 et
851 1165 889 1224 ab
908 1183 943 1224 eo
962 1165 1118 1226 laudatum

156 1265 316 1340 exemplar.
441 1276 443 1280 ‘

222 1363 363 1422 Fortasse
392 1359 472 1418 idem
499 1359 672 1435 deperditus
701 1360 779 1419 liber
801 1362 986 1419 memoratur
1008 1363 1040 1420 et
1067 1362 1118 1421 de·

155 1459 297 1519 scribitur
310 1458 403 1518 tertia
420 1457 458 1517 de
477 1457 576 1516 codice
595 1456 845 1515 declamationum
868 1456 949 1516 facta
967 1459 1119 1520 mentione

154 1558 192 1616 ab
212 1575 247 1617 eo
260 1558 312 1632 qui
325 1555 489 1632 principem
504 1555 666 1613 editionem
680 1556 811 1631 curavit,
830 1555 972 1617 Thadaeo
986 1557 1117 1634 Ugoleto

153 1655 318 1730 Parmensi,
333 1655 512 1712 annol494.
536 1651 594 1722 Qui
603 1653 634 1710 in
649 1652 838 1728 praefatione
850 1671 934 1728 „cum
944 1672 1001 1730 me,
1011 1653 1118 1732 inquit,

153 1770 345 1828 provocares,
367 1753 403 1810 ut
431 1750 471 1808 M.
499 1749 586 1810 Fabii
615 1748 793 1819 Quintiliani
821 1793 828 1808 .
854 1749 1117 1815 ‚declamationes

154 1851 366 1909 emendarem.
385 1893 393 1909 .
408 1851 462 1907 aut
476 1849 583 1908 saltem
602 1847 834 1923 qualescumque
849 1846 930 1924 apud
949 1867 996 1907 me
1015 1857 1117 1912 essent

153 1947 385 2025 impressoribus
404 1946 538 2023 quotidie
558 1945 794 2022 efflagitantibus
809 1947 968 2024 traderem,
979 1993 1004 2006 ..
1019 1948 1051 2006 in
1060 1949 1117 2010 hoc

153 2064 243 2122 quarn
267 2045 406 2104 lubenter
428 2043 580 2119 adquievi,
604 2043 636 2101 in
659 2043 754 2103 altero
779 2045 863 2102 enixe
885 2041 1072 2120 repugnavi“
1085 2091 1115 2108 ..

152 2146 196 2217 et,
219 2161 287 2201 cum
309 2142 407 2201 multa
429 2142 593 2218 depravata
616 2145 717 2202 essent
739 2143 790 2218 „in
809 2142 856 2201 his
875 2141 960 2201 libris
978 2145 1115 2222 corrosis,

223 2295 249 2362 *)
269 2298 319 2348 136
338 2293 454 2362 quidem
473 2293 631 2364 Campanus
650 2293 870 2350 declamationes
890 2295 1040 2363 memorat3
1065 2296 1114 2351 scd

150 2381 203 2420 uec
221 2364 381 2419 Parmensis
405 2364 492 2420 editio
517 2365 610 2434 plures
630 2363 783 2435 promittit,
807 2363 943 2434 neglectis
963 2365 1021 2419 illis
1040 2384 1113 2435 quaa

149 2438 299 2506 praeterea
326 2436 452 2491 continet
476 2436 689 2492 declamationis
714 2442 792 2491 13720
815 2437 870 2504 (no.
890 2436 954 2503 aba)
977 2437 1113 2506 reliquiis.

151 2506 232 2572 Quod
255 2509 350 2562 autam
373 2513 426 2563 860
444 2507 559 2578 plenum
581 2525 728 2563 numeram
751 2508 837 2562 fuisso
862 2506 1007 2562 contendit
1030 2510 1112 2565 etde

149 2576 293 2634 Calfurnio
313 2579 428 2646 Flacco,
451 2595 508 2634 non
526 2578 690 2649 Calpurnio,
714 2579 841 2649 loquitur
865 2576 970 2646 siquis
990 2579 1113 2635 voluerit

150 2651 180 2703 in
194 2650 392 2719 argumentum
406 2653 507 2704 contra
519 2667 570 2704 nos
585 2650 731 2719 adducere,
745 2651 796 2705 illa
811 2648 914 2704 obicio:
930 2648 1021 2704 videri
1031 2649 1113 2706 Gam-

148 2738 266 2790 pannm,
293 2738 356 2774 cum
380 2737 526 2776 censuram
551 2739 631 2776 suam
654 2723 847 2792 componeret,
873 2717 1000 2775 codicem
1018 2721 1112 2792 ipsum

149 2809 205 2847 non
220 2807 314 2846 secum
329 2791 460 2847 habuisse
475 2794 524 2847 sed
539 2792 661 2848 scribere
676 2793 710 2848 de
724 2793 802 2861 prius
816 2790 969 2860 aliquando
983 2790 1026 2847 ins
1048 2795 1111 2849 ecto

149 2865 234 2932 atquc
252 2862 390 2918 facillime
409 2864 451 2918 ita
468 2864 594 2934 potuisse
608 2864 677 2933 fieri,
697 2866 800 2920 utnon
813 2862 898 2918 modo
912 2862 1014 2917 calami
1027 2811 1111 2933 lapsu

148 2934 198 2989 sed
226 2934 313 2988 etiam
341 2934 491 2990 memoriae
519 2951 612 2991 errore
638 2934 747 3004 aliquid
770 2935 942 3006 peccaretur.
985 2935 1109 2991 Senecae

147 3022 219 3132 {aa
232 3005 543 3133 tartareae:
556 3005 711 3133 budelli}
725 3004 1110 3146 {attendenda

147 3148 232 3217 gatae
262 3119 354 3214 anina
382 3149 458 3216 quod
482 3165 544 3203 cum
569 3149 711 3220 principes
734 3149 872 3205 editiones
893 3145 950 3203 sint
972 3163 1109 3203 annorum

150 3224 220 3273 1490
240 3221 269 3274 et
288 3225 372 3288 1492,
391 3219 625 3275 verisimillimum
643 3223 687 3276 est
706 3222 751 3291 (cf.
770 3238 798 3290 p.
817 3217 922 3287 XV**).
958 3217 1013 3273 Illa
1031 3220 1108 3275 deni·

147 3307 201 3358 qne
231 3289 359 3346 ‘Antonii
381 3290 496 3346 Iuliani'
526 3294 555 3347 et
585 3292 823 3362 ‘Extemporanea
847 3286 1027 3358 Quintiliani,
1059 3307 1109 3346 no·

146 3360 266 3486 minabett
279 3360 378 3417 titulos
393 3362 500 3430 inanes,
520 3362 550 3417 in
563 3363 741 3434 transcriptis
756 3362 835 3418 libris
849 3360 1011 3432 desiderari,
1025 3377 1108 3419 nemo

141 3448 215 3485 mira
233 3451 243 3486 i
261 3451 299 3488 ur.
