2386 3816
93 114 159 179 408
456 110 689 178 QUINTILIANI

93 277 153 341 filii
185 279 292 341 cessat
316 275 480 342 officium?
531 275 627 360 „Non
651 276 787 362 optasti,
817 275 940 360 inquit,
973 277 1061 360 quod

93 363 209 431 volui.“

161 453 232 519 Iam
256 454 381 519 excedis
404 455 512 539 legem
535 456 637 517 tuam:
667 455 761 536 pater
783 453 850 518 filio
875 454 976 518 debes
1001 455 1061 518 im·

93 564 221 628 perare,
258 543 338 609 forti
369 565 436 609 non
464 545 567 627 potes.
622 546 715 626 potes
747 543 1061 627 peregrinationem,

59 636 189 717 opotcs
220 633 385 704 militiam:
414 632 558 697 sednon
581 630 776 695 sententiam
801 631 959 713 iudici[i],
992 654 1061 697 non

95 721 259 786 decretum
290 721 516 805 magistratus,
549 742 615 785 non
643 720 824 804 praemium
849 719 939 784 forti.
984 720 1062 805 quid

95 811 181 874 enim
205 811 256 875 lex
281 809 348 874 ait?
389 809 528 873 »fortis
561 812 701 892 optet«.
747 831 797 873 me
830 809 998 889 nominat,
1028 813 1060 873 et

95 920 233 984 aequum
267 903 317 964 est
346 898 409 963 hoc
441 897 522 963 mihi
551 897 752 981 contingere:
784 898 938 981 pugnari.
987 919 1060 963 cum

95 1009 159 1072 quo
179 987 260 1052 mihi
278 1009 329 1052 res
349 987 422 1052 est?
446 1008 519 1051 cum
537 988 644 1071 patre:
667 989 802 1051 nonest
822 987 1062 1052 contumaciter

43 1093 76 1144 10
96 1076 265 1161 agendum.

161 1164 234 1251 Ego
261 1186 337 1230 vero
366 1165 465 1230 etiam
493 1165 555 1229 viri
586 1163 681 1229 fortis
716 1163 882 1265 optionem
914 1165 1061 1246 remitto,

96 1255 124 1319 si
148 1276 287 1339 aequum
308 1257 366 1337 pet
367 1254 405 1319 is.
441 1252 520 1338 quid
543 1255 598 1337 pet
583 1251 675 1317 bisti?
702 1256 740 1316 ut
764 1252 877 1319 abolit
852 1256 980 1318 tionem
1004 1277 1060 1338 op-

94 1345 208 1408 tarem
258 1346 420 1407 memento
443 1364 510 1407 non
533 1342 650 1426 omnia,
673 1345 778 1425 pater,
801 1364 860 1406 nos
883 1364 984 1426 posse
1007 1365 1061 1445 pe·

95 1434 177 1495 tere:
209 1431 391 1512 praemium
424 1431 612 1513 accipimus,
653 1453 718 1494 non
751 1452 896 1516 regnum
952 1433 1061 1496 nescis

43 1537 76 1586 15
96 1521 252 1603 quantum
283 1519 327 1583 sit
355 1519 468 1583 abolit
444 1523 567 1583 tronem
596 1524 719 1602 petere·
751 1519 934 1584 accusatori
964 1521 1061 1584 silen-

95 1608 179 1671 tium
197 1608 346 1691 indicere,
369 1630 460 1672 reum
480 1608 629 1691 eximere,
652 1608 742 1692 leges
761 1609 888 1672 tollere.
919 1630 982 1673 nec
1000 1632 1060 1695 pro

95 1700 128 1760 te
157 1697 334 1762 tenuissem
358 1699 391 1760 et
413 1697 593 1781 praemium
618 1697 839 1780 perdidissem.
885 1696 942 1761 sed
966 1700 1060 1763 cuius

96 1785 332 1851 abolitionem?
353 1785 508 1871 „meam,“
531 1786 643 1871 inquit.
689 1786 947 1850 animadvertitis
982 1808 1060 1872 quo·

97 1874 269 1941 dammodo
302 1875 469 1962 parricidii
501 1897 599 1940 reum.
647 1896 743 1960 agam
780 1875 890 1958 potius
915 1896 1059 1942 causam.

42 1980 77 2029 20
95 1962 168 2029 Hoc
200 1964 381 2048 praemium
412 1964 553 2048 primum
584 1967 679 2048 turpe
708 1967 771 2045 est3
804 1963 918 2029 deinde
949 1988 1060 2050 super-

95 2075 242 2118 vacuum.
287 2056 393 2137 turpe:
429 2053 628 2117 damnaberis
662 2057 718 2116 tuo
742 2052 862 2117 iudicio
885 2054 920 2117 in
943 2076 1060 2139 perpe·

94 2145 195 2206 tuum.
243 2145 365 2225 quanto
399 2143 529 2226 gravius
559 2145 609 2206 est
637 2164 656 2206 a
687 2163 721 2206 sc
746 2142 904 2206 damnari!
947 2146 1061 2207 tamen

96 2230 153 2294 alii
182 2234 318 2314 possunt
348 2230 467 2314 dicere,
499 2231 634 2314 ›gratia'
651 2231 729 2295 victi
754 2252 895 2295 sumus«.
942 2232 1059 2297 deinde

96 2341 344 2405 supervacuum:
375 2320 531 2384 innocens
562 2341 642 2384 eras.
688 2324 742 2404 „at
771 2321 854 2383 enim
886 2320 984 2384 dubia
1011 2325 1060 2386 cst

43 2424 77 2473 25
95 2409 207 2473 iudicii
234 2408 393 2474 fortuna.“
440 2408 495 2473 sed
523 2409 620 2473 nobis
647 2430 714 2473 non
736 2408 888 2472 timenda.
936 2409 1059 2475 diluen-

96 2497 173 2561 dum
205 2497 358 2562 iudicium
392 2501 454 2562 est:
488 2497 566 2580 <in>
600 2497 722 2562 invidia
754 2502 881 2562 tantum
912 2499 1060 2564 criminis

96 2585 215 2650 fiducia
243 2590 314 2650 crat
339 2591 371 2651 et
394 2587 429 2651 in
452 2586 570 2652 timore
593 2591 659 2652 tuo.
705 2586 815 2670 itaque
839 2591 1061 2670 apparuerunt

96 2675 255 2740 iudicibus
279 2697 344 2740 uua
368 2676 477 2740 omnia
496 2680 529 2739 et
551 2674 675 2758 profuit
697 2675 774 2758 tibi,
798 2675 883 2758 quod
902 2677 1060 2756 abolitio-

96 2786 172 2829 nem
196 2786 262 2829 non
285 2765 408 2848 optavi:
433 2765 584 2849 apparuit
605 2768 693 2828 certa
713 2763 917 2828 innocentiae
931 2765 1061 2831 fiducia.

42 2868 78 2917 30
164 2851 254 2935 Ergo
284 2852 476 2917 advocatum
507 2857 599 2916 tuum
624 2852 768 2935 abdicas,
797 2852 991 2938 participem
1016 2855 1062 2919 la·

167 3048 238 3097 3-4
261 3042 413 3112 impetrare
436 3047 457 3095 B
480 3046 489 3111 ΙΙ
513 3047 528 3097 5
553 3045 742 3098 sententiasll
765 3045 774 3113 ΙΙ
797 3050 867 3099 5-6
886 3044 987 3099 iudicii
1005 3065 1063 3102 non

96 3115 239 3170 decretum
259 3113 440 3183 magistratus
458 3118 523 3181 ΑΒ,
542 3131 611 3170 corr.
631 3117 690 3172 edd.
705 3119 743 3182 {17
765 3121 845 3184 optes
864 3122 884 3169 P
906 3118 916 3185 ss
940 3123 971 3170 11
994 3136 1062 3174 vero

94 3202 145 3241 om.
164 3190 185 3238 B
204 3187 213 3255 ll
233 3191 266 3240 12
287 3185 375 3240 obolit
364 3185 469 3239 tionem
488 3186 533 3255 All
554 3193 586 3240 15
606 3186 811 3250 absolutionem
829 3188 872 3256 Pl!
886 3189 1062 3244 accusatoris

94 3261 114 3309 Β
129 3259 139 3326 ΙΙ
153 3264 186 3312 16
206 3274 286 3328 reges
304 3261 345 3309 Aa
357 3258 367 3325 ΙΙ
382 3262 414 3311 17
433 3257 570 3312 tenuisset
587 3262 627 3310 Ab
646 3260 696 3328 l2¹
718 3256 893 3313 damnareris
912 3263 970 3323 ΑΒ,
990 3277 1062 3319 corr.

95 3330 161 3395 Aer,
179 3330 236 3396 fort
225 3329 320 3385 tasse*
330 3329 500 3384 damnareris
514 3331 523 3400 ΙΙ
537 3334 571 3384 26
590 3260 661 3402 <inb
680 3329 791 3400 θν1129
811 3330 973 3384 innocentia
991 3332 1063 3386 fidu-

121 3416 154 3456 *te
172 3405 192 3452 1³
