2386 3816
149 132 222 209 312¹
516 139 747 208 QUINTILIANI

149 306 283 373 vocibus
308 304 430 389 optime
454 301 594 391 (utiam
620 324 715 388 saepe
739 300 820 384 dixi)
850 302 889 367 de
918 305 1114 369 memerito

150 393 364 479 satisfaciam,
386 393 527 478 reperire
550 413 618 458 non
640 412 782 477 possum.
814 390 903 457 Vera
927 395 1003 459 sunt
1027 393 1114 458 enim

149 484 220 568 illa,
244 503 325 568 quae
348 481 441 548 dixit.

217 571 411 654 [Narratio]
461 570 589 655 Pauper
613 589 673 654 ego
696 573 793 634 natus
818 572 850 635 et
873 572 987 635 contra
1010 567 1114 635 facul·

115 678 131 728 5
148 661 269 726 tatium
288 661 448 726 rationem
467 681 612 726 mearum
630 658 769 726 infelicis
787 657 886 724 huius
906 659 1114 743 eloquentiae

150 750 324 835 studiosus,
341 749 437 814 huius
456 749 664 835 liberalitate,
686 748 783 813 huius
803 747 921 831 opibus
939 749 1114 833 peregrina

151 838 272 922 studia,
300 837 483 903 clarissima
507 838 669 923 exempla,
697 836 815 920 otium,
846 859 909 921 quo
933 837 1112 921 plurimum

151 927 267 993 studiis
291 927 470 1011 confertur,
494 949 565 992 sum
589 929 795 992 consecutus:
818 926 948 991 utinam
971 947 1038 991 non
1060 950 1115 992 us·

151 1038 212 1102 que
235 1015 277 1081 ad
299 1015 464 1082 invidiam.
500 1038 578 1081 nam
601 1014 683 1079 mihi
702 1014 872 1099 cogitanti,
896 1036 953 1080 cur
970 1014 1114 1100 integer-

98 1123 131 1172 10
150 1105 271 1171 rimum
293 1105 408 1189 virum,
432 1104 590 1188 optimum
609 1104 712 1171 civem
732 1104 949 1169 calumniator
966 1104 1023 1170 ille
1041 1127 1115 1189 pro·

151 1193 284 1260 ditionis
312 1215 405 1259 reum
433 1194 559 1277 fecerit,
590 1193 674 1258 nihil
703 1193 862 1259 succurrit
891 1192 994 1276 aliud,
1027 1193 1115 1277 quod

151 1286 279 1351 secutus
307 1282 364 1364 sit,
397 1304 494 1367 quam
522 1285 560 1347 ut
582 1303 644 1367 ego
668 1302 807 1367 agerem.
858 1281 1003 1346 habebat
1026 1282 1115 1349 enim

150 1370 200 1435 ius
224 1371 358 1455 optandi
375 1375 558 1456 patronum,
578 1373 639 1453 [et]
658 1371 742 1437 hano
764 1372 853 1456 leges
877 1371 1034 1437 dederant
1055 1392 1114 1454 po·

150 1461 317 1525 testatem:
341 1461 374 1523 et
395 1458 536 1525 forsitan
559 1459 736 1544 quaerebat
759 1461 858 1526 etiam
882 1462 996 1525 contra
1020 1459 1115 1525 abso-

98 1564 132 1614 15
150 1547 308 1613 lutionem
331 1546 510 1614 innocentis
533 1550 581 1613 rei
603 1548 689 1613 hunc
713 1549 868 1633 colorem,
891 1551 928 1614 ut
950 1547 1116 1614 videretur

150 1635 224 1700 ideo
249 1634 411 1721 dimissus,
435 1637 510 1721 quia
534 1657 594 1723 ego
619 1636 766 1722 egissem.
803 1636 866 1703 hoc
890 1637 920 1701 ei
944 1640 1030 1703 certe
1048 1658 1116 1703 non

151 1725 298 1809 contigit.
335 1745 426 1790 reum
451 1725 579 1812 offendi,
600 1747 667 1791 non
691 1747 742 1791 me
763 1726 894 1792 hercule
914 1747 1117 1810 supervacua

151 1815 327 1898 asperitate
349 1814 523 1879 verborum
546 1811 602 1900 (ab
626 1815 688 1880 hec
711 1836 772 1900 ego
797 1815 882 1881 enim
906 1836 971 1899 me,
1002 1820 1115 1900 quate-

149 1925 211 1968 nus
245 1902 323 1969 fides
357 1903 475 1988 agendi
505 1903 715 1989 permiserat,
748 1905 945 1970 abstinuisse
969 1904 1116 1975 animam

99 2007 132 2058 20
151 1989 337 2078 confiteor):
375 1993 430 2057 sed
458 1993 648 2077 perferenda
675 1993 807 2059 fuerunt
834 1993 991 2059 mandata
1020 1992 1116 2071 falsa,

150 2102 264 2146 verum
295 2079 482 2167 criminosa3
516 2082 667 2167 conficta,
698 2104 810 2147 verum
838 2081 979 2147 invidiae
1003 2084 1116 2149 tamen

128 2168 258 2255 plena.
305 2168 392 2253 quod
420 2170 448 2233 si
476 2170 646 2253 quidesse
670 2171 702 2236 in
727 2171 854 2237 ratione
878 2170 1004 2236 dicendi
1026 2171 1116 2238 vide-

149 2259 213 2340 tur,
236 2256 264 2321 si
287 2257 359 2342 quis
382 2278 434 2321 me
457 2258 610 2324 infestam
635 2260 785 2325 attulisse
803 2259 905 2325 credit
923 2261 1117 2346 orationem,

151 2345 276 2412 accedit
302 2345 365 2412 hoc
394 2368 521 2431 quoque
544 2348 667 2432 gloriae
690 2348 807 2433 optimi
830 2350 923 2433 civis,
952 2349 1040 2434 quod
1062 2371 1115 2414 me

97 2450 130 2500 25
150 2438 322 2502 accusante
346 2436 512 2505 absolutus
537 2439 596 2502 est.

216 2524 344 2609 Ingrati
370 2546 444 2590 reus
473 2547 554 2591 sum.
599 2524 649 2590 De
675 2524 781 2611 prima
805 2529 899 2612 parte
924 2548 1055 2606 causae,
1080 2526 1116 2592 iu

149 2613 251 2696 dices,
282 2633 351 2678 non
382 2612 501 2679 faciam
534 2614 801 2698 controversiam,
829 2636 934 2699 neque
966 2614 1017 2680 fas
1051 2618 1115 2681 est:

150 2703 260 2787 accepi
283 2702 490 2786 beneficium,
519 2706 676 2788 quantum
699 2704 874 2769 maximum
898 2704 974 2770 dare
997 2726 1115 2788 paren-

149 2793 200 2855 tes
222 2790 336 2855 liberis
359 2796 509 2876 possunt.
549 2813 615 2858 non
639 2793 725 2858 enim
749 2794 778 2857 si
805 2792 937 2858 fortuna
960 2792 1116 2860 infelicis·

96 2892 131 2943 30
150 2878 234 2944 sima
263 2877 368 2944 adhuc
395 2879 505 2946 officia
532 2880 648 2947 studiis
671 2881 751 2947 meis
776 2880 878 2966 dedit,
909 2903 976 2947 non
1003 2887 1116 2949 tamen

149 2965 216 3031 ista
254 2966 361 3031 animo
398 2971 596 3050 praestantis
632 2969 834 3035 aestimanda
877 2975 961 3036 sunt.
1005 2970 1115 3056 accepi

221 3146 238 3196 4
256 3139 463 3213 *[Narratio.]‚
483 3144 517 3210 cf.
532 3145 654 3214 prolepp.
674 3145 684 3215 l
701 3144 871 3200 facultatum
887 3149 908 3198 Β
922 3147 932 3217 ΙΙ
951 3150 967 3201 t
986 3161 1116 3203 mearum

148 3212 288 3268 rationem
306 3216 327 3265 Β
350 3213 360 3282 ll
384 3219 399 3268 7
420 3212 536 3269 otium
554 3217 599 3285 ΔΙΙ
614 3218 689 3284 quod
707 3218 751 3287 ΒΗ
773 3221 805 3270 11
824 3215 894 3270 mihi
912 3221 933 3270 Β
952 3216 1049 3343 Qquid
1066 3221 1087 3270 Β
1106 3219 1117 3290 ll

150 3289 183 3339 13
203 3284 256 3354 [et]
275 3284 320 3340 Ro
337 3287 347 3356 ΙΙ
367 3290 400 3341 16
419 3284 556 3341 admissus
574 3290 595 3339 Β
613 3290 671 3357 1118
690 3303 736 3342 me
755 3303 805 3344 om.
825 3290 917 3358 111119
936 3305 954 3343 a
974 3286 1116 3344 stenuisse

147 3359 169 3409 Β
179 3355 192 3425 l]
206 3361 239 3410 21
260 3358 357 3411 tamen
375 3373 426 3414 om.
446 3358 490 3426 llll
503 3362 538 3412 28
558 3359 698 3427 quantia
720 3362 766 3429 ΔΙΙ
784 3364 819 3414 30
839 3359 875 3414 ad
893 3358 948 3416 hoo
966 3363 1023 3428 ΑΒ,
1043 3376 1113 3417 corr.

139 3425 206 3498 θῦν,
225 3427 300 3485 haec
318 3427 380 3490 Aer
