2386 3816
174 141 239 207 152
300 136 312 140 '⁴
541 137 793 204 commulatu-

172 309 262 371 runt:
293 326 350 370 vos
374 324 466 387 vero,
489 303 545 387 qui
567 303 699 386 nuptias
721 300 830 365 facitis
854 301 889 365 in
911 321 1065 386 poenam,
1096 298 1139 364 ad
1168 310 1175 317 '

173 414 392 480 quosuxores
416 413 474 476 per
497 390 647 458 lictorem
669 389 883 471 deducuntur,
913 388 946 453 id
969 388 1142 454 vindicare

172 505 238 548 non
260 481 412 567 potestis,
445 479 531 565 quod
560 481 605 546 sic
627 479 822 565 impetratis.
868 475 931 543 Sed
958 480 996 542 ut
1025 478 1142 543 omnia

172 570 447 656 praetermittam:
483 569 565 633 nihil
589 572 719 653 praeter
742 568 885 633 animum
909 567 1013 651 patris
1038 567 1138 632 aesti-

11 696 14 698 ψ
133 677 154 726 e
171 660 263 725 'mare
282 659 431 724 debuisti.
462 658 577 724 ceteris
596 657 736 723 forsitan
758 655 888 722 defendi
910 656 1040 741 legibus
1062 678 1140 740 pos·

174 749 232 814 sis:
269 770 321 831 ea,
351 769 433 832 quae
464 746 505 812 ad
536 747 638 830 patris
669 750 703 812 te
734 745 895 830 obligavit
921 746 1142 829 voluntatem,

174 839 245 903 exui
272 859 339 902 non
366 840 466 921 potes.
514 835 627 902 abdico
651 838 698 921 te,
720 835 772 900 vel
795 833 881 920 quod
903 834 1050 919 unicum,
1083 836 1140 900 vel

173 926 259 1011 quod
283 927 420 992 alterum
443 923 578 1009 perdidi.

240 1015 353 1100 Eligat
375 1015 454 1098 ipse,
478 1013 607 1098 qualem
631 1012 742 1078 sortiri
760 1013 840 1078 velit
861 1015 996 1097 patrem,
1020 1013 1141 1078 mitem

121 1122 154 1170 10
174 1127 215 1170 an
238 1104 371 1189 fortem3
395 1102 450 1168 det
473 1123 589 1187 mores,
612 1101 689 1167 dum
712 1100 875 1168 custodiat
896 1123 977 1185 quos
996 1101 1140 1167 dederit:

175 1216 248 1259 cum
281 1193 444 1268 adulteros
478 1191 647 1277 occideris,
687 1212 819 1256 necesse
850 1190 951 1255 habes
985 1212 1140 1255 severum

171 1286 298 1366 patrem
327 1282 446 1346 sortiri.
492 1279 606 1345 abdico
634 1283 863 1365 raptorem-
888 1279 1025 1344 necdum
1054 1280 1141 1365 dico,

173 1371 276 1434 cuius:
304 1369 367 1435 hoo
389 1373 475 1434 certe
500 1369 571 1435 dieo
594 1392 652 1433 -ε
680 1368 820 1452 rapuisti
842 1368 1018 1453 virginem,
1042 1369 1139 1451 pacis

133 1462 136 1468 ’
172 1457 289 1522 faciem
317 1458 472 1542 turbasti,
500 1457 609 1523 fecisti
636 1461 771 1542 propter
800 1456 886 1542 quod
913 1457 998 1521 iusta
1029 1457 1138 1523 occidi

120 1564 153 1612 ro
172 1568 293 1631 posses.
324 1547 420 1612 adisti
444 1568 495 1611 me
518 1550 696 1630 praeterea,
720 1550 752 1611 et
769 1549 903 1631 propter
920 1545 1137 1612 te'sollicitus

171 1635 233 1716 fui3
263 1635 349 1719 quod
373 1640 444 1700 erat
467 1635 708 1720 gravissimum,
731 1656 862 1700 necesse
885 1634 985 1699 habui
1008 1655 1138 1720 rogare.

172 1725 201 1788 si
228 1725 366 1808 rapuisti
396 1724 508 1790 fratris
533 1725 583 1789 tui
611 1745 778 1808 sponsam,
805 1746 871 1790 non
895 1723 1016 1790 sufficit
1044 1746 1138 1790 seve-

170 1814 265 1898 ritas3
298 1836 364 1880 non
392 1836 462 1880 sum
490 1812 677 1879 iracundus:
708 1835 776 1878 non
803 1816 853 1878 est
879 1812 960 1878 haec
987 1813 1136 1899 vulgaris

86 1981 89 1986 .
171 1902 288 1988 libido,
317 1903 372 1968 sed
395 1903 562 1969 incestum.
609 1905 645 1966 tu
669 1923 855 1988 expugnare
879 1902 1046 1967 absentem
1069 1902 1136 1968 ira·

118 2008 152 2057 20
170 1995 254 2055 trem
278 2014 375 2058 ausus
400 2015 433 2058 es
458 1995 490 2057 et
512 1990 629 2075 fecisti,
652 1994 689 2056 ut
707 1990 871 2056 videretur
888 1990 999 2076 puella
1016 2014 1136 2076 parum

170 2080 285 2164 pudice
308 2080 432 2146 fecisse.

238 2167 322 2244 Quid
345 2169 543 2254 respondes?
567 2168 642 2253 quid
666 2168 768 2234 diois?
792 2169 899 2234 solent
920 2169 985 2234 ista
1008 2170 1055 2235 sic
1078 2170 1136 2236 de·

170 2255 273 2321 feudi:
296 2257 444 2340 „iuvenis
468 2258 587 2340 erravi,
610 2261 643 2322 et
666 2279 777 2323 amore
799 2259 911 2342 lapsus
935 2258 1036 2322 sum.“
1080 2260 1135 2326 vis
1178 2256 1181 2263 '

171 2345 273 2429 igitur
297 2346 489 2431 ignoscam?
519 2346 602 2411 nihil
625 2350 675 2413 est
698 2347 821 2430 gratius
846 2347 987 2432 <quam>
1011 2348 1134 2432 inposi-

118 2451 151 2501 25
171 2438 240 2499 tam
260 2436 466 2502 severitatem
484 2457 641 2523 personae
660 2435 796 2502 detrahi.
820 2435 861 2501 do
881 2436 971 2502 vitiis
990 2438 1135 2504 veniam:

170 2523 271 2589 habes
293 2528 420 2609 patrem
443 2524 558 2610 lenem,
581 2525 707 2611 mitem,
732 2525 906 2591 sceleribus
930 2525 1066 2612 ignosco
1080 2551 1134 2591 —z

170 2613 268 2677 redde
305 2615 478 2699 rationem,
515 2636 571 2679 cur
607 2636 692 2679 nuno
729 2617 765 2678 tu
794 2614 953 2692 occideris
985 2615 1133 2682 fratrm.

171 2701 258 2785 quod
280 2706 408 2768 tantum
428 2704 533 2769 scelus
551 2702 690 2768 inveniri
708 2706 827 2788 potest,
850 2703 937 2787 quod
955 2702 1131 2788 parricidio

169 2788 400 2856 vindicandum
425 2793 490 2858 sit?
535 2793 592 2858 ubi
617 2795 692 2858 sunt
715 2792 774 2857 illa
796 2797 984 2878 praecepta,
1012 2795 1131 2879 quibus

116 2879 353 2964 admonebam,
376 2884 414 2946 ut
437 2880 609 2947 concordes
633 2886 741 2946 essent
763 2880 902 2946 fratres?
940 2904 1057 2967 parum
1080 2886 1133 2948 est

170 2967 289 3052 dicere,
319 2970 450 3035 voluisti
474 2971 617 3036 occidere
640 2995 697 3035 —:
720 2970 871 3054 potuisti3
903 2991 971 3036 non
994 2971 1132 3058 diriguit

237 3150 255 3196 4
274 3143 455 3214 praemittam
473 3148 494 3196 B
516 3147 526 3214 u
548 3144 836 3218 patris]praesens1’
858 3147 868 3216 ΙΙ
891 3146 1028 3220 epatris]
1047 3164 1129 3218 prae-

167 3230 228 3268 sens
246 3216 319 3284 Pyle
340 3215 434 3285 elegat
452 3219 482 3285 A,
502 3214 583 3285 eligit
600 3219 643 3288 Pl!
657 3217 729 3272 velle
747 3221 813 3270 ΔιΒ
827 3219 837 3286 l
853 3223 886 3272 10
905 3217 1016 3274 dederis
1033 3219 1127 3289 31113

166 3285 244 3339 cuius
263 3286 317 3341 hoo
335 3291 411 3342 certe
430 3286 493 3342 dico
512 3288 590 3342 ouius
609 3289 662 3344 hoc
680 3290 756 3345 certe
775 3288 838 3346 dico
858 3290 903 3359 ΔΗ
919 3295 951 3346 16
970 3293 1065 3361 proter
1083 3290 1128 3364 ΔΗ

167 3361 200 3410 16
218 3356 313 3426 rogari
330 3361 351 3410 B
366 3359 376 3427 l}
389 3363 423 3412 22
443 3357 519 3414 dices
536 3360 581 3428 ΒΙΙ
595 3364 630 3413 24
644 3360 757 3430 gravius
771 3363 828 3430 ΑΒ,
843 3378 911 3417 corr.
923 3360 964 3418 Gr
977 3364 988 3431 [l
999 3361 1129 3437 (quam)

173 3424 279 3497 9er
297 3429 365 3485 abes
383 3429 553 3500 almitiem
570 3435 611 3484 Ab
630 3433 640 3503 u
656 3437 691 3488 at
713 3440 744 3487 Ν
765 3436 788 3485 Δ
