2386 3816
507 172 624 227 INDEX
641 172 662 228 l.

102 330 204 399 51535
228 345 291 398 opp.
316 347 385 384 uxor
409 333 458 384 aut
475 331 561 385 vidua

125 406 167 468 12,
180 405 212 456 10
240 399 299 455 filia
311 419 362 456 nec
374 419 400 455 5.
410 418 462 456 nec
472 404 561 471 nupta

126 477 185 540 108,
198 477 231 526 22
264 472 560 542 515315155555115515-

123 560 189 598 nem
218 560 274 598 nox
301 543 440 598 maritalis
468 543 561 598 aufert

125 619 234 683 142,17
269 615 303 668 ut
320 633 345 668 5.
364 614 506 684 pertineat
523 615 560 669 ad

123 687 246 755 patrem,
269 689 364 740 tamen
387 688 476 756 nupta
498 704 559 756 per·

122 756 197 811 tinet
215 757 252 811 ad
269 757 404 811 maritum
423 762 514 825 53,10

60 873 63 876 .
104 827 282 884 5151115555
312 829 404 882 excisa
438 829 560 897 pretium

123 897 285 972 alicui(us>
298 899 451 968 producere
466 903 527 968 345,
543 907 559 955 6

103 970 227 1025 virtus:
252 989 277 1024 5.
301 969 430 1039 ingenita
449 976 559 1040 364,14

123 1059 150 1095 5.
174 1041 337 1112 1555555555
358 1045 417 1110 375,
433 1047 467 1096 22
504 1041 559 1097 515·

123 1112 193 1166 tutis
212 1113 302 1167 honor
321 1118 382 1179 240,
398 1118 433 1167 24
469 1113 558 1168 virtu-

122 1186 185 1238 tum
202 1183 438 1251 155555524019
472 1184 558 1238 virtu·

122 1256 166 1309 tes
179 1254 358 1324 imperatoris
373 1260 479 1323 247,16
505 1254 557 1308 mi·

123 1342 175 1380 nor
203 1325 327 1395 corporis
350 1345 376 1380 v.
400 1331 493 1395 201,8
531 1344 557 1382 5.

122 1396 198 1467 a'pud
211 1397 300 1451 malos
314 1413 426 1465 quoque
437 1397 558 1451 multum

122 1467 300 1523 auctoritatis
313 1467 402 1522 habet
416 1474 457 1535 37,
469 1474 502 1522 21
522 1469 556 1536 cf.

123 1544 224 1608 282,4;
240 1543 328 1606 356,5
355 1539 558 1594 virtutemnon

122 1628 206 1679 posse
230 1609 350 1664 conduci
372 1615 465 1679 364,1
503 1610 557 1665 515-

122 1683 197 1736 tutes
216 1681 321 1735 debent
339 1698 399 1735 esse
416 1680 558 1751 gratuitae

122 1757 232 1820 402,17
269 1753 407 1806 virtutum
428 1752 557 1806 intellec-

122 1824 184 1877 tum
216 1839 310 1878 rerum
336 1825 439 1878 natura
468 1821 558 1876 *fecit

123 1899 215 1963 aaut
247 1913 273 1948 5.
293 1894 362 1949 olim
377 1893 557 1964 magisccm·

122 1982 205 2020 mune
233 1966 337 2021 bonum
362 1966 423 2020 erat
446 1970 506 2032 374,
522 1969 557 2020 20

123 2053 207 2106 saepe
221 2035 251 2090 in
265 2037 369 2091 scelere
384 2035 494 2104 aliquid
502 2035 557 2091 vir·

122 2109 192 2162 tutis
211 2111 254 2162 est
274 2115 299 2176 7,
314 2113 348 2161 23
385 2105 530 2163 evitium

104 2178 168 2233 vis:
188 2178 246 2233 vim
264 2179 323 2248 legi
341 2178 476 2234 adhibere
495 2182 557 2245 201,

125 2254 156 2303 13
189 2267 215 2306 v.
234 2251 379 2305 numinum
396 2254 500 2319 146,27
530 2268 558 2305 5.

122 2320 266 2391 sanguinis
280 2327 341 2391 259,
356 2328 390 2377 27
423 2339 449 2377 5.
464 2319 558 2376 odoris

122 2398 214 2462 264,7
251 2392 325 2447 51555
349 2391 557 2448 controversiae

123 2469 183 2532 130,
202 2471 236 2520 26
279 2482 363 2534 supra
389 2464 558 2519 facultatum

120 2535 557 2601 mamm-uma

121 2607 211 2661 menti
227 2612 302 2676 02,8
334 2605 557 2660 5555555515-

123 2677 260 2732 diciorum
274 2683 335 2745 220,
352 2682 383 2731 11
416 2677 470 2731 duc
485 2679 556 2732 haec

121 2750 223 2803 natura
241 2750 271 2804 et
287 2749 317 2803 51
337 2754 427 2817 127,2
464 2767 489 2802 v.
508 2765 557 2802 no-

121 2818 204 2873 minis
232 2819 348 2890 (mariti)
373 2824 488 2888 138,11
529 2837 556 2874 5.

122 2890 204 2945 istius
228 2890 307 2947 verbi
325 2891 362 2944 ad
380 2890 556 2945 1555515555-

120 2962 307 3031 pretationem
330 2961 479 3018 deducitur
495 2967 557 3028 233,

121 3038 156 3087 26
182 3051 208 3088 v.
228 3032 297 3088 iuris
316 3038 409 3099 80,12
439 3031 556 3102 515315

122 3104 558 3173 mammmara

119 3177 312 3245 55555555153.
327 3193 389 3245 opp.
399 3175 557 3243 55555301,

122 3251 155 3298 11
184 3246 241 3300 vim
254 3247 326 3316 15315
336 3248 487 3302 extenuare
498 3251 556 3314 102,

122 3320 157 3371 18
201 3319 260 3372 vim
295 3320 324 3372 55
355 3318 558 3388 proprietatem

121 3387 204 3442 nnius
234 3388 307 3458 legis
335 3390 441 3444 habere
469 3394 516 3456 84,
540 3395 556 3443 3

120 3458 179 3512 vim
206 3459 301 3529 legum
322 3478 424 3530 parum
448 3459 558 3533 perspi·

1001 174 1065 239 507

633 349 695 387 cere
716 338 808 402 75,11
841 351 867 389 v.
888 336 1001 390 coactae
1022 352 1066 391 55-

632 404 837 471 5155515234,8
869 405 928 460 vim
948 407 1067 460 eandem

631 475 735 531 habere
763 481 885 542 301,13
927 476 1067 532 diversam

633 544 712 600 *vim
725 547 791 604 hab.
805 550 893 615 235,2
912 548 1067 618 praemium

634 634 697 672 eam
715 618 773 673 vim
790 618 904 684 habuit,
923 622 955 672 ut
968 662 973 674 .
985 663 992 674 .
1005 625 1067 689 220,

634 694 666 743 13
702 688 734 743 in
756 689 842 744 aliam
861 690 918 744 vim
937 689 1066 760 accipere

631 765 724 827 mm

613 831 997 899 515555515555555207,26
1015 849 1067 900 555

632 919 657 956 v.
673 901 826 956 liberorum
839 902 943 956 ferrum
955 903 1066 972 exigere

630 978 706 1040 48,3
743 973 773 1026 in
790 992 815 1027 5.
837 989 887 1026 sua
904 989 1004 1027 manus
1024 990 1066 1027 ar·

630 1060 708 1098 mare
721 1047 823 1111 260,15
845 1043 999 1098 5155551555
1009 1044 1066 1098 suis

630 1114 735 1170 ferrum
754 1116 910 1183 inmergere
927 1146 958 1155 -
976 1115 1065 1170 51555-

629 1204 693 1239 rum
728 1188 839 1256 partem
872 1186 971 1241 avellis
1003 1186 1066 1255 (551-

629 1256 734 1326 piendo
756 1257 827 1325 filio)
852 1260 944 1325 335,5
980 1274 1006 1313 5.
1025 1257 1067 1312 551

629 1346 657 1397 p.
686 1327 900 1396 5551154318
935 1347 961 1382 v.
989 1327 1066 1383 urbis

631 1404 691 1468 116,
706 1405 739 1453 22
765 1399 880 1455 intrav.
895 1400 1007 1454 hostem
1022 1416 1066 1454 ac·

630 1470 781 1540 51555546,
796 1476 829 1525 27
857 1488 883 1526 v.
897 1486 987 1540 paene
1001 1488 1065 1526 mea

630 1543 675 1610 (=
688 1542 806 1596 intimae
822 1541 1020 1612 cogitationes)
1034 1542 1064 1596 in

629 1615 781 1682 conspectu
800 1614 866 1666 sunt
884 1619 944 1680 308,
959 1618 975 1666 2

611 1683 683 1739 5155
714 1683 802 1738 habet
836 1699 900 1738 suos
928 1683 1064 1738 terminos

629 1759 676 1811 etc.
696 1759 756 1820 318,
772 1760 841 1821 655.
883 1753 1000 1808 fortium
1023 1754 1064 1808 51-

629 1842 723 1878 rorum
741 1841 768 1878 v.
787 1840 845 1877 non
863 1841 1000 1878 annorum
1015 1841 1065 1878 nu·

629 1911 708 1949 mero
722 1911 775 1949 nec
788 1894 880 1964 spatio
895 1893 998 1949 aetatis
1008 1896 1065 1949 ter·

628 1965 761 2035 minatur,
780 1964 830 2020 sed
845 1965 930 2019 laude
945 1965 1065 2021 etfama

629 2038 659 2093 et
671 2039 824 2108 perpetuae
837 2035 1014 2106 posteritatis
1023 2037 1065 2091 in·

629 2109 803 2163 mortalitate
823 2114 872 2175 37,
896 2113 928 2161 12
941 2125 1000 2176 sqq.
1037 2127 1064 2162 5.

630 2177 987 2304 55555ξ5523ἒ52ἑ15555115,
1016 2179 1066 2261 sed

630 2268 721 2305 ccrrm
815 2292 822 2317 ‚
912 2269 938 2304 5.
967 2265 1066 2319 pumre

630 2323 706 2390 alqm
725 2328 786 2387 317,
801 2327 834 2375 22
872 2319 947 2374 51155
967 2337 1000 2375 55
1018 2337 1065 2375 ne·

630 2393 670 2447 cis
688 2394 815 2463 potestas
834 2396 895 2458 217,
910 2395 944 2444 25

612 2463 738 2518 5155115
756 2463 943 2531 5115552373
962 2481 989 2519 5.
1000 2479 1065 2518 exu-

629 2551 689 2589 rere
708 2539 770 2601 378,
787 2538 819 2587 15

611 2605 758 2661 51515555
776 2610 837 2673 216,
852 2608 869 2657 8
897 2623 924 2659 5.
937 2605 1065 2674 55511155

630 2681 740 2745 Qu

610 2747 744 2803 vitium:
777 2746 857 2801 nulla
885 2748 967 2803 tanta
996 2747 1066 2804 vitia

629 2821 702 2886 sunt,
720 2834 793 2885 quae
806 2834 863 2872 non
879 2819 998 2874 meliora
1012 2819 1065 2873 mi-

628 2892 726 2944 rentur
744 2894 838 2958 282,4
869 2891 905 2958 cf.
923 2890 1012 2945 virtus
1031 2923 1064 2931 -
1146 2919 1147 2922 ¹

627 2978 685 3015 non
707 2962 773 3014 sunt
796 2959 921 3015 eiusdem
941 2961 1065 3032 pectoris

627 3032 700 3087 51515
718 3033 746 3086 55
763 3031 883 3087 virtutes
901 3038 962 3102 419,
977 3038 993 3087 3

611 3104 814 3172 mmmm

611 3175 742 3231 5155555
774 3174 829 3228 hoc
855 3174 915 3227 iure
943 3172 1065 3228 vivimus

630 3245 1063 3313 *mammamm

630 3320 864 3384 mmmm

612 3388 726 3444 vivum
743 3386 827 3440 funus
846 3391 911 3452 200,
922 3391 961 3438 24

614 3475 747 3518 uocare
760 3455 976 3526 5155555555
983 3459 1020 3504 kx
1025 3458 1096 3516 ,315
