2386 3816
328 130 647 219 nnonsunrroude.
675 155 866 215 cornuum.
1012 159 1076 226 133

112 317 214 385 fiteriz
238 321 366 403 repetet
386 319 537 406 fortasse,
559 321 616 406 qui
634 321 730 394 dedit.
766 322 908 409 interim,
931 323 993 391 tibi
1011 345 1079 390 non

113 407 199 477 alius
223 407 326 492 debet,
348 428 445 494 quem
471 410 526 494 qui
549 408 629 477 mihi
654 411 751 477 dedit.

181 495 245 564 Sed
276 497 352 565 volo
383 520 472 565 nuno
496 520 595 585 agere
622 501 721 566 etiam
749 500 797 566 rei
823 501 975 585 publioae
993 525 1076 569 ¹eeu·

112 608 185 655 sam
208 589 243 653 et
265 587 312 654 sie
334 589 529 674 respondere
548 588 621 674 tibi,
643 593 811 675 tamquam
828 591 917 658 istud
935 614 956 656 a
974 593 1075 678 magi-

112 675 273 743 stratibus
294 681 400 762 petas.
430 700 500 745 non
517 683 568 745 est
585 681 714 765 tempus
731 678 794 744 hoo
814 680 951 746 aetionis
970 681 1075 747 istius,
1094 695 1110 744 e

110 766 243 851 quando
267 766 354 833 enim
372 767 460 833 filius
478 771 553 834 tuus
571 768 704 834 fortiter
722 767 822 834 feeit?
846 769 986 839 multum
1009 771 1075 837 iam

110 855 273 922 transisse
299 859 431 941 tempus
457 860 534 923 ante
560 858 646 925 huno
677 858 837 924 actionem
861 859 1076 927 confiteberis

109 945 333 1031 interrogabo,
356 945 413 1015 ubi
434 945 546 1012 fueris.
578 947 707 1012 etiamsi
728 951 763 1012 te
784 948 1004 1033 peregrinatio
1025 948 1077 1014 de·
1185 998 1188 1003 -

109 1034 227 1119 tinuit,
253 1034 384 1101 etiamsi
410 1035 559 1103 absentie
585 1037 621 1102 in
648 1058 747 1104 eausa
773 1034 850 1122 fuit,
879 1060 945 1122 quo
968 1037 1077 1102 minus

110 1124 288 1208 aeeiperes,
311 1124 417 1190 dicam
440 1129 551 1190 tamen
573 1126 729 1210 pleraque
751 1126 824 1193 iura
845 1130 993 1211 tempore
1017 1127 1130 1193 eir-10

110 1214 297 1281 oumsoribi.
323 1214 360 1280 ei
382 1235 458 1280 vero
482 1220 516 1281 et
538 1214 574 1281 in
596 1215 728 1282 eivitate
751 1215 905 1285 fuistiet
922 1236 1076 1300 praesens

116 1323 201 1385 erae,
224 1324 296 1368 oum
318 1303 535 1375 honoraretur
555 1304 651 1386 filius,
673 1308 712 1370 ut
728 1325 816 1371 nuno
833 1318 893 1373 res
905 1308 967 1391 est,
988 1309 1078 1373 tuus:

113 1391 294 1479 interrogo,
317 1414 373 1458 eur
395 1415 463 1459 non
485 1393 640 1478 petieris?
664 1416 741 1461 nem
764 1398 802 1461 ut
823 1394 1079 1479 nonaoeeperis,

114 1481 238 1548 suffieit
254 1481 338 1568 boe,
365 1482 449 1567 quod
475 1505 543 1549 non
564 1483 687 1568 petisti
731 1505 799 1555 non
822 1507 893 1551 eras
917 1484 975 1551 illo
999 1488 1078 1549 tem-

113 1592 197 1656 pore
218 1574 321 1656 pater,
348 1571 425 1657 quia
442 1572 613 1641 nesciebas
635 1577 670 1638 te
694 1595 773 1640 esse.
809 1595 876 1641 non
898 1573 1077 1640 debebatur
1097 1588 1130 1637 15

113 1659 218 1746 igitur
239 1660 302 1727 tibi
325 1682 363 1729 eo
387 1665 544 1746 tempore,
567 1685 631 1748 quo
654 1685 707 1729 res
729 1663 862 1747 publiea
885 1663 1006 1729 debuit.

182 1748 272 1829 med,
286 1772 413 1836 quoque
432 1751 670 1837 interrogo<r>,
693 1752 855 1836 quomodo
877 1751 1001 1817 factum
1024 1752 1078 1835 eit,

115 1843 154 1906 ut
178 1860 239 1926 ego
264 1840 452 1925 eeeiperem.
482 1845 576 1925 peter
597 1841 659 1906 viri
681 1840 778 1907 fortis
802 1862 901 1906 eram.
933 1839 1079 1916 Quorum

112 1932 289 2014 uirumque
309 1929 454 1997 breviter
473 1930 641 1998 ostendere
660 1929 760 1995 iudici
777 1928 996 1995 neeessarium
1015 1933 1078 1993 est:

114 2022 149 2084 et
170 2040 223 2085 me
246 2026 317 2085 tum
339 2023 468 2104 patrem
491 2019 605 2103 fuisse,
636 2041 709 2084 eum
734 2018 843 2084 deeern
866 2016 958 2083 milia
983 2017 1077 2084 debe·
1096 2032 1131 2083 ao

114 2108 235 2175 buntur
262 2109 349 2194 patri
372 2108 434 2175 viri
461 2109 572 2193 fortis,
599 2112 634 2176 et
654 2113 687 2174 ta
715 2128 782 2175 non
809 2106 910 2174 fuisse
940 2106 1078 2192 ideoque

114 2201 149 2265 te
166 2219 233 2263 non
251 2198 424 2283 aeeepisse.
455 2199 560 2283 patris
578 2197 664 2265 enirn
683 2196 846 2282 (nomen)
863 2218 932 2265 non
948 2200 1079 2262 tantum

112 2291 251 2354 naturae
286 2287 344 2353 illo
380 2287 478 2356 initio
515 2288 770 2369 oontiue[n]turz
810 2286 892 2353 satis
928 2290 978 2351 est
1012 2286 1080 2387 ple-

113 2375 1079 2552 {3¹tttttttttzrtzt?sttt,t¹²tttttatt
1098 2478 1132 2530 2⁶

113 2554 262 2643 aditurus
285 2555 341 2623 ille
363 2555 589 2642 hereditatam,
609 2555 702 2641 quasi
720 2554 825 2640 iilius,
848 2552 969 2619 fuerit?
997 2573 1078 2621 num

113 2644 250 2713 dubium
273 2648 337 2731 est,
367 2646 446 2732 quin
473 2645 502 2713 'si
529 2645 670 2712 bonores
696 2648 854 2729 peterem,
889 2641 1078 2728 profuturus

113 2734 196 2801 mihi
217 2738 387 2820 tamquam
408 2734 497 2801 filius
519 2734 643 2801 fuerit?
664 2755 744 2799 num
761 2733 897 2799 dubium
919 2736 978 2816 est,
1001 2731 1079 2816 quin

113 2825 144 2892 si
170 2821 273 2912 (quod
304 2825 402 2911 longe
432 2823 473 2891 ab
502 2824 572 2893 eius
600 2822 709 2891 animo
738 2826 772 2891 et
797 2821 944 2890 moribus
971 2821 1078 2904 abest)

114 2915 281 3000 pulsasset
297 2917 435 2999 patrem,
457 2935 525 2980 non
542 2913 736 2981 iniuriarum
753 2915 882 2979 tantum
901 2911 974 2996 lege
989 2916 1077 2976 tene·
1090 2926 1132 2976 eo

114 3007 218 3088 retur3
242 3001 270 3068 si
294 3002 474 3089 oeoidisset,
496 3025 563 3069 non
586 3002 693 3069 oaedis
716 3006 844 3067 tantum
863 3003 936 3088 lege
955 3021 1077 3086 poenas

189 3188 205 3237 ὃ
227 3181 326 3237 debuit
342 3184 417 3247 ub,
436 3180 549 3246 dexxit
565 3184 614 3254 aa,
631 3177 766 3235 eorr.Seb
779 3179 788 3250 ΙΙ
803 3184 835 3234 13
849 3177 972 3248 petieras
986 3181 1007 3229 B
1020 3177 1030 3247 lt
1046 3182 1077 3232 17

112 3251 313 3327 interrogo<r>
330 3252 374 3307 Ro
392 3255 402 3325 fl
426 3259 459 3308 18
477 3269 618 3322 quorum
635 3253 820 3318 utrumque
837 3254 861 3302 Δ
888 3250 898 3321 ΙΙ
925 3247 1079 3304 refutaret

114 3330 155 3380 Aa
182 3327 192 3396 t
219 3331 254 3380 22
277 3327 372 3395 patres
396 3322 471 3380 enim
494 3340 551 3379 non
568 3327 589 3379 t.
607 3325 710 3378 natura
727 3324 757 3376 et
773 3320 825 3375 illo
842 3319 880 3374 in.
900 3319 1080 3376 eontinentur

113 3401 178 3466 n,
201 3413 270 3453 eorr.
289 3396 349 3464 Ro,
370 3396 513 3464 conserens
533 3399 602 3463 138,
617 3399 651 3450 11
674 3396 685 3466 u
707 3399 743 3449 24
760 3392 864 3464 videri]
881 3391 977 3449 roeari
994 3392 1052 3447 Aer
1070 3390 1085 3462 tt

112 3486 170 3524 non
188 3472 211 3520 Β
219 3470 234 3537 j)
246 3473 282 3522 29
299 3464 367 3535 quid
383 3471 407 3520 B
