2386 3816
49 220 51 226 Ι
118 144 161 210 50
471 140 714 208 curuuunuu

117 312 154 372 ut
180 306 404 373 testimonium
434 324 501 373 non
533 306 574 371 ad
606 306 778 371 arbitrium
806 307 980 389 parentum
1008 305 1085 370 red-

118 397 202 479 dere,
215 397 368 477 †immo†
383 395 525 481 suadere,
549 395 634 480 quod
650 395 777 460 animus
792 393 972 460 dictaverit.
995 394 1086 479 quod

117 484 250 551 silicet
277 482 449 571 aliquando
476 485 575 550 etiam
603 487 716 571 contra
740 480 846 568 patris
877 478 1083 549 voluntatem

118 596 169 658 ea,
204 595 285 660 quae
322 574 443 658 alioqui
483 571 767 671 reprehensionem
802 590 871 637 non
907 573 1085 661 merentur,

81 680 97 728 u
116 662 183 728 filio
207 664 325 729 facere:
348 678 509 747 nusquam
527 666 640 727 temen
656 660 792 749 libertas
806 664 876 726 tam
889 661 1085 747 necessaria,

117 774 215 837 quam
237 753 272 817 iu
296 750 505 818 matrimonio
528 754 586 816 est.
624 755 656 816 et
677 750 740 838 hoc
759 750 907 835 dicerem,
931 749 959 815 si
980 766 1080 834 quae·

116 845 243 907 reretur
264 841 327 907 hoc
350 840 482 925 iudicio,
510 861 552 904 an
579 838 660 904 mihi
684 838 795 927 aliqua
815 839 962 923 ducenda
985 843 1083 905 esset.

117 951 177 1016 ego
206 931 340 1016 eligam,
367 950 440 994 oum
470 950 534 1013 qua
556 928 700 994 victurus
724 950 808 1016 sum-3
841 946 901 1017 ego
926 928 1082 994 comitem

118 1018 279 1103 laborum,
306 1017 573 1102 sollicitudinum,
605 1034 756 1103 curarum
779 1016 847 1105 ipse
870 1017 1083 1103 perpendam.

67 1123 100 1172 10
120 1109 192 1193 quis
221 1108 307 1173 enim
335 1127 443 1172 amare
467 1107 572 1172 alieno
596 1107 704 1173 auimo
727 1105 860 1190 potest?
891 1128 977 1172 nunc
999 1120 1082 1174 vero

115 1197 240 1262 firmius
262 1197 324 1262 hoc
347 1217 416 1262 esse
439 1198 537 1281 atque
558 1195 687 1261 facilius
707 1196 830 1281 coepit:
858 1216 992 1261 uxorem
1010 1196 1081 1262 iam

116 1285 192 1350 duxi
216 1285 297 1372 (non
319 1285 391 1350 dico
410 1283 524 1371 quare)
544 1306 616 1351 meo
634 1283 786 1369 impulsu,
808 1302 881 1350 mea
899 1285 1081 1352 voluntate.

116 1374 280 1457 eripuerat
311 1373 398 1438 euim
430 1377 463 1438 te
491 1373 573 1439 mihi
605 1373 737 1463 fortuna
770 1373 964 1459 dederatque
995 1374 1080 1440 mihi

115 1462 207 1527 illam
229 1460 383 1528 miseram
405 1461 601 1528 libertatem.
642 1461 826 1551 Repudium
848 1463 951 1548 igitur
974 1464 1079 1550 impe·

64 1567 97 1616 15
115 1572 168 1615 ras
202 1555 235 1617 et
262 1544 431 1636 copulatos
459 1551 526 1617 iam
558 1551 613 1616 diu
644 1550 767 1618 diducis
791 1552 926 1618 animos,
972 1573 1080 1637 neque

115 1640 201 1704 enim
235 1639 298 1707 hoc
333 1644 370 1705 tu
403 1641 612 1726 spectaveris,
650 1640 735 1726 quod
767 1663 841 1706 oum
872 1662 972 1707 uxore
1005 1663 1081 1709 mea

113 1749 181 1793 non
208 1729 263 1794 diu
290 1729 366 1795 vixi.
411 1728 480 1795 sine
514 1727 611 1795 dubio
640 1729 815 1815 secundum
843 1730 975 1815 nuptias
1003 1753 1078 1818 pro·

113 1817 218 1884 fectus
242 1841 323 1905 sum,
347 1820 499 1884 continuo
518 1840 568 1883 me
594 1819 816 1904 peregrinatio
842 1820 980 1905 excepit:
1013 1822 1075 1904 [et]

113 1907 165 1972 vel
188 1907 250 1973 hoc
273 1908 345 1992 ipso
369 1907 511 1993 iniquius
531 1911 581 1972 est
598 1908 764 1995 repudiari
783 1930 864 1994 eam,
888 1930 971 1995 quae
990 1918 1079 1976 certe

60 2010 94 2060 20
113 2018 180 2063 non
203 1996 312 2080 potuit
335 1997 505 2062 offendere.

181 2083 420 2150 Descendamus
455 2105 533 2150 saue
561 2085 604 2150 ad
629 2085 712 2152 hanc
743 2107 871 2172 quoque
900 2089 1077 2155 necessita·

114 2176 191 2256 tem,
213 2176 252 2237 ut
273 2173 455 2257 imperante
478 2176 571 2257 patre
595 2172 695 2241 etiam
717 2170 888 2261 repudium
910 2177 998 2243 filius
1021 2179 1074 2245 de-

113 2260 192 2326 beat
213 2261 298 2346 pati:
331 2261 408 2355 quid
432 2262 471 2327 de
495 2263 580 2348 ipsa,
603 2280 702 2348 quam
724 2265 888 2349 repudiari
911 2267 974 2350 vis,
999 2289 1075 2352 que·

112 2350 190 2416 rar?
224 2360 305 2416 'sane
333 2355 426 2434 pater
454 2344 554 2416 fuerit
577 2352 746 2419 inimicus:
783 2376 840 2420 cur
867 2354 948 2420 haec
971 2378 1074 2424 nurus

59 2454 93 2504 25
113 2461 183 2506 esse
208 2436 350 2524 desinat,
378 2460 476 2525 quam
502 2440 585 2506 nihil
613 2460 764 2531 peccasse
787 2448 823 2508 tu
848 2465 976 2531 quoque
1001 2468 1074 2513 con-

109 2528 227 2614 fiteris,
260 2530 314 2614 qui
346 2529 504 2614 expellis?
549 2549 650 2616 negas
680 2531 829 2598 idoneam
859 2555 930 2598 esse
958 2536 1073 2601 matri·

109 2618 220 2683 monio
240 2639 312 2702 mco
326 2618 530 2703 locupletem.
554 2642 653 2704 quam
667 2641 789 2706 vereor,
802 2636 849 2687 ne'
858 2623 910 2687 cui
924 2622 1073 2690 videatur

107 2709 202 2791 pater
231 2706 277 2772 sic
309 2707 459 2773 inimicus
487 2707 581 2773 diviti
609 2730 679 2775 esse
712 2710 865 2795 coepisse.
918 2711 1072 2798 non<ne>

109 2795 195 2859 enim
222 2795 355 2861 fortuna
383 2796 416 2861 in
445 2795 634 2862 utramlibet
660 2802 788 2883 partem
817 2799 972 2867 intuenda
997 2803 1070 2869 est?

57 2897 91 2947 30
111 2905 153 2948 an
182 2906 258 2950 vero
287 2885 373 2969 apud
396 2906 447 2951 me
471 2890 587 2951 noceat
608 2888 751 2973 puellae,
783 2890 868 2974 quod
892 2890 980 2957 dives
1011 2899 1070 2978 est,

179 3084 192 3130 1
213 3077 270 3134 red.
289 3076 354 3133 ideo
374 3095 394 3133 s.
414 3083 446 3145 1³3
465 3078 499 3144 cf.
520 3077 585 3134 decl.
604 3082 661 3136 378
679 3081 689 3151 ΙΙ
708 3086 724 3135 6
742 3080 996 3140 matrimonrum
1015 3085 1068 3141 fu-

105 3147 175 3200 turi
194 3149 310 3205 mariti
330 3165 462 3220 semper
480 3149 612 3205 iudrcio
630 3152 899 3222 permittendum
922 3157 969 3225 ΔΙΙ
990 3164 1005 3213 7
1024 3157 1067 3213 iu-

106 3218 209 3273 dicium
233 3220 287 3276 hac
310 3220 380 3275 mihi
402 3226 438 3289 Δ,
466 3219 600 3275 iudicium
618 3240 629 3276 1
647 3239 680 3278 ac
698 3224 768 3279 mihi
786 3229 820 3293 B,
848 3243 916 3282 corr.
938 3227 978 3283 Pi
1000 3231 1009 3299 ΙΙ
1034 3235 1069 3285 10

104 3307 177 3345 nuno
197 3290 271 3346 enim
289 3291 307 3347 f.
327 3295 348 3343 B
371 3293 380 3361 ss
405 3298 437 3346 11
457 3291 558 3361 cepiB
581 3295 591 3362 [1
616 3300 648 3349 17
668 3295 717 3350 diu
735 3313 791 3352 nou
809 3301 829 3349 B
849 3301 858 3368 ΙΙ
880 3304 912 3352 21
934 3299 1066 3356 defenda-

104 3379 165 3416 mus
184 3365 204 3413 B
223 3365 283 3433 ll'l3
304 3364 436 3433 queratur
454 3367 475 3415 B
494 3365 503 3433 {l
522 3369 555 3419 26
574 3369 680 3435 negant
698 3371 751 3435 Aa,
770 3376 856 3439 negat
874 3374 958 3442 m,
977 3388 1067 3443 negas

96 3433 193 3500 1)]28
211 3435 287 3506 repit
303 3439 349 3506 Ba,
371 3435 493 3507 cepisset
511 3439 581 3489 Bb?
594 3438 606 3507 ll
617 3436 769 3512 *uou<ue>
