2386 3816
120 127 158 182 VI
490 125 707 183 PRAEFATIO.

186 278 290 338 Libri
307 277 548 354 manuscripti
566 296 627 336 non
639 276 768 353 amplius
783 280 846 336 tres
861 278 990 351 exstant,
1008 296 1081 353 quos

119 373 209 435 ABO
232 376 329 435 literis
353 367 499 456 notavi.*)

188 473 328 533 Summae
347 473 535 534 auctoritatis
555 476 602 532 est
621 472 648 531 A
664 497 705 520 ==
720 473 1078 549 Montepessulanus,

120 571 212 630 codex
230 571 430 633 bibliothecae
449 571 568 631 scholae
587 569 728 644 medicae,
747 590 795 632 no.
811 573 884 647 126,
903 590 993 647 quem
1007 571 1082 630 Bur-

120 667 221 728 sianus
250 671 282 729 in
308 670 496 747 praefatione
524 669 662 729 editionis
686 668 815 729 Senecae
837 668 885 728 his
908 669 1009 729 verbis
1034 671 1083 729 de-

120 766 238 828 scribit:
271 769 402 845 „formae
433 769 609 845 quadratae,
642 768 761 827 saeculo
788 767 816 825 X
845 768 877 825 in
906 767 1083 828 membrana

120 865 257 942 scriptus.
290 866 407 947 Regina
429 869 512 926 recta
535 865 600 924 felii
619 864 709 941 primi
726 865 789 940 legi
807 865 889 924 nullo
908 865 997 924 modo
1016 868 1082 942 pot-

120 963 179 1039 est3
202 963 233 1021 in
252 983 305 1023 ora
324 964 478 1040 superiore
496 965 625 1041 paginae
643 980 748 1024 versae
766 981 874 1023 manus
894 981 970 1023 saec.
989 964 1081 1024 XIIII

120 1061 240 1136 scripsit
264 1054 367 1121 ‘Liber
390 1062 452 1122 Soti
472 1061 648 1123 Theoderici
670 1060 820 1121 auferenti
839 1060 880 1121 sit
898 1056 1080 1135 anathema’,

118 1160 150 1218 in
172 1160 283 1236 pagiua
305 1161 389 1219 recta
411 1160 478 1219 folii
501 1162 519 1218 2
543 1179 648 1220 manus
672 1161 768 1220 multo
790 1159 939 1219 recentior
962 1152 1007 1218 ³1³.
1031 1160 1080 1218 Pi·

118 1251 205 1317 thou'
229 1259 260 1316 et
279 1251 327 1316 ‘ex
344 1257 430 1318 libris
450 1258 570 1335 collegii
588 1259 713 1320 oratorii
727 1249 904 1318 Trecensis'.
938 1255 1081 1317 Continet

116 1359 219 1417 autem
233 1356 325 1415 codex
338 1354 468 1432 primum
482 1355 714 1417 declamationes
730 1354 921 1432 Quintiliana
939 1359 1081 1432 excerpta

116 1552 189 1612 folio
214 1554 265 1626 88,
287 1551 319 1610 in
342 1549 426 1634 cuius
449 1550 561 1627 pagina
584 1555 667 1611 recta
688 1550 816 1628 legitur:
839 1549 909 1609 HIC
928 1550 1004 1610 IAM
1022 1551 1079 1610 IN-

114 1665 223 1727 CIPIT
245 1665 403 1727 SENECA
421 1665 560 1726 DECEM
574 1643 737 1728 RETORI
750 1665 974 1726 FELICITER.
1001 1667 1079 1726 Folii

116 1769 219 1825 autem
239 1768 290 1843 89,
314 1764 393 1841 quod
415 1763 535 1823 initium
558 1765 752 1840 praefationis
776 1765 846 1826 libri
869 1766 884 1825 I
907 1769 1078 1825 controver-

115 1862 228 1922 siarum
252 1861 394 1936 continct,
417 1861 541 1920 dimidia
562 1881 634 1939 pars
653 1862 787 1922 abscissa
806 1867 860 1924 est.
898 1863 971 1923 Post
990 1863 1079 1923 Sene·

113 1980 164 2021 cae
193 1961 287 2021 libros
315 1980 408 2019 unum
436 1959 543 2019 folium
571 1964 722 2036 superest,
756 1960 840 2021 cuius
868 1979 980 2038 magna
1007 1979 1077 2036 pars

112 2077 185 2133 pras
209 2057 335 2116 maculis
358 2058 419 2132 legi
441 2058 553 2134 nequit,
580 2056 628 2117 cui
646 2058 822 2134 inscriptum
841 2061 899 2117 est:
923 2056 1077 2117 INCIPIT

113 2153 410 2215 axclurvamo
421 2154 577 2216 FLACCO
589 2153 1078 2216 ExcaaPTAJa-axcaarra·

113 2261 142 2319 x
161 2290 168 2304 ·
187 2237 389 2321 aaruoai
407 2259 600 2321 narcara
619 2292 626 2305 ·
645 2259 756 2320 vxoa
786 2260 1075 2324 ararumerun.

114 2358 250 2436 Scriptus
284 2360 387 2418 autem
418 2359 510 2419 codex
541 2360 579 2419 ab
610 2359 729 2418 homine
759 2360 833 2419 satis
861 2359 993 2436 indocto,
1027 2363 1078 2437 qui

113 2456 193 2516 haud
224 2474 321 2533 pauca
349 2474 424 2532 quae
455 2457 562 2516 calami
588 2458 676 2533 lapsu
704 2463 858 2519 erraverat
884 2460 948 2535 ipse
977 2479 1012 2519 ex
1041 2479 1076 2519 eo

114 2555 193 2630 quod
215 2553 415 2629 descripserat
434 2556 598 2630 exemplari
617 2551 774 2616 correxit.“
805 2555 962 2615 Indoctum
981 2558 1075 2618 fuisse

114 2651 267 2711 hominem
289 2655 447 2727 praeterea
470 2670 506 2710 ex
523 2651 683 2712 literarum
701 2654 920 2731 verborumque
939 2655 1075 2717 coniunc-

184 2846 210 2916 *)
233 2847 311 2910 Quae
330 2847 358 2900 iu
380 2847 523 2918 catalogis
542 2847 679 2904 librorum
697 2868 761 2905 mss.
781 2853 971 2906 memorantur
990 2851 1075 2918 Quin-

116 2916 207 2973 tiliani
227 2917 447 2974 declamationes
467 2920 590 2990 exceptis
609 2921 689 2975 libris
704 2921 784 2976 Aac
803 2921 967 2992 diligentius
986 2922 1077 2992 inqui·

112 2989 186 3044 renti
214 3006 325 3059 semper
350 2989 597 3060 deprehenduntur
622 2998 655 3046 19
683 2991 751 3047 illae
774 2993 867 3048 nescio
892 2994 970 3049 cuius
994 2995 1075 3048 scho-

114 3059 209 3115 lastici
228 3060 393 3128 ‚,maiorea“.
430 3060 536 3117 Mansit
554 3063 744 3118 controversia
763 3065 797 3119 de
816 3081 872 3120 uno
890 3064 973 3132 libro,
991 3082 1076 3135 quem

112 3130 283 3200 Gottliugius
308 3131 338 3186 in
363 3132 480 3187 schedas
504 3150 568 3188 suas
591 3134 728 3190 retulerat
750 3135 943 3206 (manscriptas
962 3135 992 3190 in
1010 3137 1075 3191 Blu-

111 3201 161 3256 mii
187 3201 360 3258 bibliotheca
382 3201 483 3258 Italica
501 3222 529 3273 p.
549 3206 613 3274 226)
637 3205 814 3274 Messinensi,
838 3206 1028 3262 bibliothecae
1047 3207 1073 3262 S.

111 3271 228 3341 Placidi,
238 3274 439 3329 monachorum
449 3275 476 3329 S.
485 3275 639 3343 Benedicti,
648 3278 863 3334 membranaceo
873 3278 921 3334 fol.
932 3279 1022 3334 folior.
1031 3285 1073 3333 61.

111 3343 215 3398 Verum
240 3342 288 3399 hic
311 3361 374 3399 cum
396 3346 496 3400 ceteris
513 3345 591 3402 illius
609 3346 799 3404 bibliothecae
817 3349 896 3404 libris
915 3367 979 3406 mss.
1000 3366 1073 3406 anno

112 3420 180 3470 1848
200 3416 265 3486 igne
284 3418 464 3486 consumptus
483 3419 534 3472 est.
