2386 3816
112 162 178 226 224
455 234 457 239 Ι
476 157 704 225 omnnium

110 347 179 390 esse
204 324 245 389 ab
269 324 328 388 illo
350 322 530 407 pecuniam,
555 328 611 387 aut
635 344 674 389 ex
697 321 761 386 hoc
781 324 983 386 testamento
1001 341 1078 406 pro

109 412 314 478 nuntiatione
342 417 450 477 vestra
473 412 612 476 liberum
641 410 723 476 fieri:
752 432 832 475 num
862 410 951 475 inter
979 410 1080 475 liber·

109 502 197 567 tinos
224 500 353 566 futurus
382 500 454 567 est?
489 522 565 584 non,
587 503 625 565 ut
653 499 776 584 opinor.
823 499 917 584 atqui
940 500 971 565 si
993 499 1080 564 illud

108 591 143 655 in
166 590 314 657 confesso
338 593 396 675 est,
421 612 508 674 eum,
532 591 588 675 qui
610 611 631 654 a
653 588 809 654 servitute
832 588 867 652 in
888 587 1081 654 libertatem

75 680 233 764 eveniat,
255 701 322 744 non
352 700 422 744 esse
446 679 525 763 alio,
548 700 645 763 quam
666 677 815 743 libertini
837 677 924 761 loco,
946 677 1004 742 hic
1026 699 1080 742 so·

110 769 198 833 lutus
235 768 296 834 hac
332 768 526 833 necessitate
561 771 630 832 tam
666 767 825 853 ingenuus
859 766 990 832 futurus
1022 769 1080 851 est,

111 879 209 941 qnam
237 857 312 921 fuit:
340 855 515 922 manifesto
544 878 585 921 ne
607 855 704 921 hodie
727 854 857 940 quidem
879 876 994 921 servus
1018 859 1080 921 est

111 946 175 1011 alia
202 966 328 1031 quoque
356 947 525 1030 complura
556 950 645 1028 sunt,
676 966 759 1028 quae
784 944 903 1010 intueri
926 944 1020 1029 licet,
1049 947 1079 1010 si

109 1035 226 1099 velitis
282 1056 394 1100 servus
428 1037 485 1100 aut
519 1033 608 1100 domi
641 1039 738 1099 natus
770 1037 821 1098 est
853 1038 911 1099 aut
941 1033 1078 1100 relictus

59 1143 91 1191 10
110 1122 291 1189 hereditate
319 1127 377 1188 aut
404 1125 542 1206 emptus.
586 1123 672 1188 hunc
703 1145 743 1188 ex
771 1143 835 1207 quo
862 1143 983 1209 genere
1012 1145 1079 1189 ser·

110 1234 224 1277 vorum
247 1211 393 1296 ponitis?
431 1212 520 1277 domi
544 1217 659 1277 natum
682 1233 752 1277 esse
776 1232 810 1277 se
832 1233 900 1278 non
921 1212 1012 1296 dicit,
1035 1234 1078 1277 ne

111 1304 253 1384 emptum
285 1301 414 1385 quidem
449 1305 507 1366 aut
539 1301 720 1366 hereditate
751 1300 911 1367 relictum.
955 1300 1079 1385 pendet

110 1389 212 1472 igitur
235 1391 340 1456 omnis
361 1390 443 1455 haec
466 1389 611 1457 condicio
630 1390 774 1456 faenore.
806 1389 884 1474 quid
904 1390 1078 1475 sequitur?

110 1482 147 1542 ut
168 1480 319 1561 no[me]n
342 1479 386 1545 sit
409 1478 574 1562 <servus>.

58 1586 91 1634 15
177 1566 267 1633 Haec
299 1567 339 1632 ad
369 1568 441 1653 ipsa
473 1567 664 1633 testamenti
700 1568 812 1633 verba:
848 1566 931 1633 libet
964 1572 1079 1636 tamen

111 1656 250 1722 scrutari
280 1656 380 1722 etiam
408 1656 550 1722 defuncti
579 1657 793 1741 voluntatem,
822 1679 887 1742 qua
910 1656 995 1722 nihil
1018 1680 1078 1742 po-

111 1745 232 1810 tentius
257 1745 343 1830 apud
365 1767 434 1830 nos,
457 1745 541 1810 nihil
562 1749 677 1812 nostro
696 1747 804 1811 animo
829 1746 989 1812 sacratius
1004 1768 1078 1813 esse

111 1832 214 1899 debet.
261 1834 413 1900 credibile
441 1839 491 1900 est
518 1834 633 1921 igitur,
665 1833 727 1900 hoc
755 1857 830 1900 eum
853 1836 1007 1920 sensisse,
1039 1841 1079 1902 ut

109 1922 248 1988 liberum
277 1945 347 1988 esse
378 1922 478 1989 vellet
509 1924 609 1989 etiam
642 1923 828 1989 addictum?
878 1946 990 1990 servos
1018 1947 1079 1990 cur

58 2029 92 2077 ao
111 2011 347 2096 manumiserit,
368 2011 575 2077 manifestum
594 2016 658 2077 est:
682 2011 860 2078 delectatus
880 2017 930 2078 est
949 2013 1080 2099 officiis,

111 2098 230 2163 referre
271 2099 376 2164 voluit
416 2101 556 2186 gratiam
593 2102 760 2187 obsequio.
819 2103 901 2167 alius
939 2123 1079 2188 aegrum

111 2190 293 2270 curaverat,
320 2187 405 2252 'alius
432 2190 692 2276 peregrinantem
720 2195 849 2257 secutus
878 2195 962 2275 erat,
991 2192 1079 2257 alius

111 2277 197 2340 inter
219 2280 270 2341 tot
292 2278 519 2361 occupationes
539 2278 635 2362 <res>
654 2278 848 2345 domesticas
867 2280 1079 2366 custodierat,

112 2365 194 2431 alius
217 2365 280 2431 hoc
307 2366 415 2450 ipsum
442 2366 555 2434 faenus
584 2373 785 2435 exercuerat:¹
818 2369 923 2436 voluit
952 2370 1078 2436 liberos

58 2473 92 2522 25
112 2477 190 2539 esse,
214 2477 294 2540 quos
317 2461 493 2541 amaverat,
516 2479 536 2522 a
560 2458 676 2542 quibus
700 2462 846 2536 amatum
865 2479 935 2524 esse
954 2481 989 2524 se
1009 2480 1078 2526 cre·

111 2543 245 2609 diderat.
289 2544 365 2611 huic
387 2568 464 2611 vero
488 2545 566 2630 quid
590 2546 711 2632 debuit,
733 2547 797 2613 nisi
821 2546 927 2612 iram?

175 2632 320 2718 „Durum
347 2638 457 2699 tamen
488 2634 615 2700 videtur
645 2638 678 2700 et
707 2636 933 2721 inhumanum,
968 2638 1077 2703 solum

109 2721 194 2785 hunc
218 2744 289 2787 esse
312 2723 347 2787 in
366 2724 502 2789 vinculis
522 2729 556 2789 et
574 2724 609 2789 iu
627 2724 811 2791 servitute.“
853 2725 941 2790 Ante
956 2727 1078 2812 omnia,

111 2809 138 2874 si
162 2810 240 2895 quid
263 2811 358 2895 <est>
378 2813 574 2899 asperitatis,
596 2813 633 2878 in
650 2813 723 2900 lege
742 2818 801 2900 est,
826 2836 908 2900 quae
927 2815 1077 2882 addictos

181 3026 197 3075 2
215 3038 273 3076 non
290 3024 335 3094 ΒΙΙ
348 3022 558 3079 libertinus
576 3028 600 3076 Δ
613 3025 623 3094 ΙΙ
641 3029 659 3078 4
678 3024 727 3093 qui
745 3024 775 3080 in
793 3025 958 3081 servitutem
976 3023 1008 3080 in
1026 3026 1077 3082 lib.

109 3092 156 3162 ΔΙΙ
175 3099 190 3147 6
210 3092 247 3147 sit
265 3097 328 3162 AB,
348 3110 418 3149 corr.
437 3093 492 3151 Sole
509 3096 519 3165 ΙΙ
537 3100 553 3149 8
572 3095 628 3150 alio
647 3097 721 3167 3119
742 3113 871 3151 servus
889 3097 1078 3167 Aldomiua-

109 3167 154 3217 tus
172 3168 192 3216 11
211 3165 221 3234 ΙΙ
240 3170 273 3219 10
291 3168 416 3234 temptas
434 3169 455 3217 B
473 3168 482 3236 ΙΙ
502 3172 534 3220 11
555 3165 730 3222 dominatum
749 3172 770 3220 B
791 3171 800 3239 n
822 3173 926 3222 11-12
946 3169 1001 3224 dic.
1020 3185 1078 3224 non

110 3250 163 3290 em.
182 3238 203 3286 B
222 3238 231 3307 [l
250 3241 283 3290 12
303 3236 445 3306 emptione
464 3240 522 3306 AB,
541 3253 610 3293 corr.
630 3239 674 3293 Ro
688 3241 698 3310 ΙΙ
717 3245 750 3293 14
768 3243 801 3293 ut
818 3256 921 3294 nomen
941 3239 985 3294 sit
1005 3241 1078 3296 haec

109 3309 174 3374 AB,
198 3322 266 3361 corr.
286 3306 330 3363 Ro
349 3313 374 3361 et
391 3307 454 3378 11111
474 3314 506 3362 16
526 3309 593 3376 quia
612 3315 652 3364 Aa
665 3313 674 3381 ΙΙ
689 3316 722 3364 17
740 3312 791 3364 nia
809 3313 902 3382 Δ1123
921 3309 1008 3384 (res)
1027 3311 1077 3366 do·

109 3377 241 3431 mesticas
259 3378 303 3432 Ro
322 3380 383 3448 {125
404 3395 433 3432 se
452 3396 502 3435 om.
523 3384 590 3433 AaB
603 3381 612 3450 ΙΙ
631 3387 736 3436 26-2‘1
756 3381 827 3436 iram
847 3383 945 3437 dorum
965 3386 1014 3449 Aa,
1033 3381 1077 3437 ira

103 3447 244 3505 malorum
259 3450 305 3523 Bt)
319 3456 353 3507 27
373 3452 402 3508 et
424 3451 496 3508 mihi
512 3467 631 3508 manum
645 3456 669 3505 B
680 3455 739 3523 lt‘lt
758 3452 843 3525 (est)
863 3453 915 3507 Solu
