2386 3816
337 156 654 248 DEOLAMATIONES.
683 157 851 216 cccxviii.
1026 161 1069 226 93

106 321 231 411 habere
253 319 463 405 philosophia
484 322 716 407 praestantius,
738 345 837 408 quam
860 323 946 409 quod
970 324 1070 389 modi·

109 410 158 475 cis
178 413 333 476 contenta
350 413 409 495 est,
433 411 604 495 ampliores
625 433 702 496 opes
720 434 787 478 non
800 412 971 480 desiderat.
994 434 1071 478 nam

105 499 138 564 si
166 498 362 584 cupiditates
392 499 521 565 easdem
559 522 638 585 quas
666 502 767 566 ceteri
802 502 969 586 habe[n]t,
999 524 1071 567 nou

107 588 217 672 video,
251 587 327 672 quid
349 587 463 672 prosit.
509 588 623 673 Neque
653 612 705 654 me
735 591 906 675 praeterit,
938 590 1070 675 iudices,

106 699 209 763 quam
241 677 345 743 multa
373 676 438 742 dici
467 677 621 743 adversus
649 678 734 744 hanc
760 679 995 764 professionem
1029 681 1106 748 abs

107 784 160 849 his
193 784 321 850 soleant
354 783 423 864 [sed
450 806 591 868 persona
622 766 688 851 fn}
711 786 776 850 mei
799 786 936 871 impedit
958 808 1010 851 me
1034 789 1070 851 ut

109 893 172 957 ego
200 894 267 939 non
294 873 367 938 dica
395 895 478 959 quae
505 877 643 958 possunt
671 879 784 940 contra
815 874 1072 960 philosophum],

107 983 247 1046 quorum
269 961 459 1036 libertatem
480 983 547 1026 non
565 961 746 1046 impediunt
763 984 930 1047 personae.
953 963 1070 1048 quippe

110 1051 172 1116 hos
196 1051 247 1115 illi
270 1055 303 1116 et
326 1073 428 1117 vanos
451 1054 572 1117 vocant
595 1055 628 1117 et
652 1051 775 1117 otiosos
799 1056 832 1117 et
853 1054 888 1117 in
912 1051 1071 1116 ambitum

109 1142 229 1225 ipsum,
251 1144 366 1205 contra
389 1163 484 1225 quem
508 1140 648 1205 maxime
668 1139 824 1206 disserere
843 1141 1002 1225 videntur,
1026 1141 1071 1205 al·
1092 1160 1124 1208 10

108 1230 246 1315 ligatos:
279 1228 361 1294 mihi
384 1250 457 1295 cum
480 1229 581 1294 fratre
606 1230 755 1315 quaestio
779 1233 837 1297 est.
879 1229 968 1295 Haeo
993 1249 1070 1315 ergo

108 1318 234 1385 leviora
256 1318 376 1383 dixisse
400 1318 479 1383 satis
503 1321 562 1402 est,
584 1318 828 1403 philosophiam
847 1342 913 1386 non
932 1341 1002 1385 esse
1020 1339 1073 1382 ne·

109 1407 295 1474 cessariam.
318 1427 378 1492 ego
403 1408 489 1473 enim
512 1429 619 1474 mores
642 1409 732 1474 nasei
755 1413 834 1493 puto
858 1413 891 1474 et
907 1408 1073 1495 propriam

110 1496 266 1582 cuiusque
288 1502 425 1562 naturae
448 1496 612 1563 virtutem.
643 1498 709 1563 alia
730 1498 871 1564 forsitan
893 1499 1072 1581 discantur,

111 1586 270 1671 quaedam
285 1585 511 1670 experimentis
526 1587 751 1673 cognoscenda
765 1591 854 1653 sunt:
873 1586 951 1652 boni
966 1608 1072 1652 mores
1094 1603 1126 1653 15

111 1678 265 1742 constant
278 1676 456 1741 voluntate.
479 1676 511 1740 id
523 1681 634 1760 patere
644 1676 781 1742 diversis
791 1676 1073 1760 utriusquepartis
1165 1696 1170 1705 ·

110 1764 269 1848 exemplis
292 1767 411 1849 potest.
434 1785 511 1828 nans
534 1768 567 1829 et
590 1765 732 1849 optimos
756 1765 844 1830 viros
869 1766 952 1831 citra
970 1764 1074 1847 philo-

111 1853 263 1938 sophiam
295 1852 398 1918 fuisse
431 1853 596 1918 constabit
628 1857 660 1917 et
697 1853 860 1918 studiosos
894 1853 1074 1936 sapientiae

110 1963 216 2026 usque
249 1941 292 2008 ad
323 1941 441 2008 ultima
473 1941 622 2026 exempla
654 1941 811 2007 scelerum
846 1940 1075 2025 nequitiaeque

112 2031 251 2096 venisse.
296 2052 363 2096 non
386 2031 486 2114 enim,
516 2033 554 2095 ut
576 2029 705 2114 opinor,
728 2052 767 2096 ex
790 2031 929 2095 istorum
952 2028 1074 2094 scholis
1094 2048 1128 2097 20

112 2120 347 2186 abstinentiam
367 2119 507 2185 didicere
520 2118 672 2202 Fabricii,
686 2117 777 2185 Curii
794 2141 862 2201 nec,
880 2121 917 2183 ut
936 2122 1075 2184 mortem

111 2213 369 2294 contemnerent,
392 2207 484 2274 Decii
507 2209 672 2274 consecuti
691 2211 768 2273 sunt
787 2210 872 2290 [neo]
892 2211 1002 2273 vetera
1020 2207 1076 2273 ho-

111 2321 188 2365 rum
219 2297 410 2382 explicando
433 2300 660 2371 monumenta.
705 2296 784 2362 tulit
815 2297 931 2362 civitas
962 2296 1077 2383 populi

112 2387 258 2454 Romani
276 2387 468 2453 liberatores
482 2386 612 2469 Brutos,
630 2386 708 2452 tulit
721 2384 889 2469 Camillos,
903 2391 1077 2470 antequam

112 2477 183 2543 ulla
209 2476 305 2543 istius
335 2476 416 2542 artis
446 2477 613 2543 simulatio
640 2476 814 2561 inreperet.
859 2476 925 2540 iam
948 2496 1026 2540 vero
1050 2474 1079 2538 si
1097 2492 1131 2542 10

115 2589 156 2632 ex
183 2566 310 2632 diverso
339 2566 473 2631 intueri
486 2567 627 2649 placeat,
659 2565 731 2649 quis
759 2565 905 2649 ignorat,
938 2584 978 2627 ex
1007 2563 1079 2647 ipsa

115 2653 276 2740 Socratis,
310 2677 374 2740 quo
402 2655 491 2721 velut
523 2654 613 2720 fonte
641 2654 747 2719 omnis
775 2652 984 2737 philosophia
1012 2674 1079 2717 ma-

187 2801 204 2850 3
227 2793 444 2865 vituperatio
466 2792 714 2864 philosophiae
739 2797 762 2845 Δ
784 2796 793 2864 [Ι
815 2792 949 2864 habe[n]t
966 2792 1012 2848 Ro
1032 2792 1041 2861 ll
1064 2799 1081 2847 4

116 2882 207 2936 neque
227 2883 244 2920 a
262 2882 307 2921 me
324 2865 459 2936 poterunt
476 2864 583 2920 iudices
601 2866 674 2934 Bllo
693 2864 729 2918 ab
749 2864 869 2934 lisono
888 2863 943 2919 Sed
961 2880 1082 2934 persona

116 2937 136 2994 f.
156 2956 194 2992 m.
213 2937 231 2993 i.
251 2957 288 2993 m.
307 2956 334 2992 u.
354 2953 377 2992 e.
397 2955 424 2991 n.
443 2937 470 2992 d.
490 2954 516 3005 q.
535 2954 562 3005 p.
583 2953 605 2991 0.
625 2935 826 3006 philosophum
845 2950 895 2990 orn.
914 2939 961 2988 Ac
980 2941 1005 2990 et
1024 2937 1081 3005 ple-

118 3026 219 3080 raeque
236 3010 313 3074 edd.,·
332 3009 449 3076 fatuare
464 3008 565 3077 puceis
582 3008 708 3063 correctis
726 3008 808 3062 uerba
826 3008 856 3061 et
869 3021 989 3076 persona
1002 3007 1081 3062 fratr.

117 3081 186 3151 imp.
205 3098 250 3136 me
268 3099 295 3135 u.
315 3096 340 3136 e.
358 3098 385 3134 n.
405 3080 431 3135 d.
451 3096 477 3146 q.
496 3097 523 3149 p.
544 3095 566 3134 0.
586 3078 786 3148 philosophum
806 3084 870 3147 post
894 3078 1021 3146 quaestio
1040 3081 1084 3133 est

118 3154 152 3208 iu
169 3168 237 3208 vers.
256 3157 290 3206 11
310 3152 455 3206 inscrenda
468 3151 477 3219 ll
493 3156 526 3205 10
545 3149 655 3205 videtur
673 3154 719 3202 Δο
737 3150 747 3219 ll
767 3155 800 3204 13
819 3149 906 3220 enim]
925 3151 1020 3204 autem
1038 3154 1062 3202 Δ
1074 3149 1083 3220 ll

119 3222 309 3298 (uobiscum)
326 3223 404 3278 nasci
422 3221 460 3293 (?)
479 3221 523 3277 Ro
541 3221 551 3290 l
576 3227 608 3276 19
627 3221 690 3276 scel.
710 3222 794 3291 atque
812 3220 956 3289 nequitiae
974 3225 994 3274 B
1017 3223 1026 3291 ΙΙ
1049 3227 1082 3275 21

120 3312 240 3368 Fabritii
257 3317 278 3365 11
292 3312 301 3382 ll
315 3317 348 3366 22
374 3311 449 3383 [nec]
469 3310 510 3365 Gr
532 3311 542 3380 ΙΙ
569 3316 603 3365 23
622 3309 721 3380 populi
736 3300 764 3363 E
782 3314 817 3378 Α,
840 3308 953 3380 populis
976 3315 995 3363 B
1019 3312 1027 3380 l
1050 3315 1085 3364 24

120 3384 265 3441 liberiores
283 3388 358 3452 nc,
377 3398 446 3438 corr.
466 3382 523 3438 Aer
536 3384 545 3453 ΙΙ
565 3382 692 3438 Camelos
711 3386 752 3435 Aa
765 3383 774 3450 ΙΙ
788 3387 821 3436 27
841 3380 912 3435 velit
929 3385 953 3433 Δ
966 3385 976 3451 ΙΙ
990 3398 1084 3436 omnes

120 3455 342 3527 Blpffilosopffi
360 3455 417 3510 iam
435 3471 508 3510 man.
528 3459 562 3524 B,
581 3453 765 3528 philosophia
782 3469 932 3510 emanasse
947 3459 968 3505 u
