2386 3816
152 156 218 223 320
516 153 748 220 QUINTILIANI

152 320 210 385 ille
237 319 363 384 iuvenis
392 321 425 383 et
446 318 549 383 velox.
595 316 680 382 Mori
702 316 790 398 volo,
820 314 906 400 quod
929 314 1118 381 adulterum

152 430 219 474 non
241 407 380 472 invenio.
412 407 498 472 unde
520 405 631 471 venit?
657 405 729 490 quis
751 404 921 471 hominum
940 404 1026 469 fuit?
1050 426 1118 471 non

153 495 292 562 inveniri
314 497 350 560 in
373 495 505 561 civitate
527 494 694 559 hominem
711 494 931 559 vulneratum!
956 514 1037 577 quos
1056 515 1118 580 ego

153 606 220 651 non
240 584 327 650 domi
345 584 486 650 medicos
506 583 663 649 adhibui?
686 604 798 648 omnes
816 583 889 647 illos
908 582 1120 669 interrogavi,

119 693 231 742 snum
264 674 336 759 quis
370 671 476 738 alius?
516 694 612 738 nemo
641 675 725 753 erat,
756 671 821 736 nisi
849 692 944 756 quem
973 672 1119 738 latrones

153 763 411 829 vulneraverunt.
449 765 482 827 et
503 783 590 826 nunc
612 761 669 826 ille
691 782 743 824 me
767 759 892 825 deridet
914 760 1120 846 ubicumque,

155 855 188 916 et
214 851 354 917 fortasse
376 851 441 915 iam
467 871 561 916 sanus
586 853 642 914 est.
689 850 773 914 mori
796 850 879 915 volo.
926 850 1007 914 satis
1031 851 1118 916 iusta

155 941 315 1005 moriendi
342 961 440 1005 causa
471 941 554 1023 erat,
586 939 614 1003 si
649 937 821 1003 calamitas
856 959 928 1003 mea
960 938 1120 1004 hactenus

157 1030 311 1095 stetisset.
399 1066 403 1072 ·

1 1111 3 1115 ’
104 1137 136 1186 10
223 1118 359 1184 Accedit
389 1116 466 1201 huc,
495 1116 580 1202 quod
612 1116 744 1181 fortuna
770 1118 884 1181 nostra
913 1115 1002 1182 dedit
1024 1117 1120 1182 malis

156 1207 381 1292 suspicionem.
426 1205 508 1271 nihil
532 1208 582 1270 est
605 1204 667 1270 hoc
690 1205 777 1289 locc,
800 1204 859 1289 fili,
883 1205 968 1288 quod
991 1226 1043 1269 me
1068 1229 1121 1272 su-

157 1296 275 1380 spicari
299 1298 402 1379 putes.
434 1316 501 1359 non
523 1294 685 1359 habebam
704 1314 835 1358 causam
853 1293 1007 1377 parcendi
1021 1294 1122 1361 homo

155 1383 329 1467 periturus,
363 1403 424 1467 ego
447 1386 480 1447 te
502 1404 575 1447 vere
596 1384 804 1448 innocentem
827 1385 921 1469 put03
945 1404 982 1447 ac
1006 1383 1035 1447 si
1058 1384 1123 1449 hoc

156 1492 221 1535 non
245 1471 362 1536 credis:
390 1472 513 1555 curavi,
538 1470 663 1557 sanavi,
692 1471 813 1556 alioqui
840 1474 873 1535 te
897 1475 930 1537 et
951 1471 1049 1536 hodic
1073 1493 1124 1538 oc·

106 1578 138 1626 15
158 1558 317 1624 cidissem.
363 1562 492 1625 constat
522 1559 585 1626 sibi
617 1560 818 1626 innocentia:
856 1561 911 1626 sed
941 1581 1124 1646 numquam

156 1651 268 1732 potest
296 1651 443 1714 constare
467 1648 531 1714 sibi
554 1649 651 1713 fama.
693 1649 742 1714 cis
767 1650 861 1734 scire,
891 1671 972 1734 quae
997 1649 1125 1715 inimici

156 1737 261 1803 nostri
288 1738 484 1823 loquantur?
520 1739 680 1803 mirantur
707 1759 758 1802 me
786 1738 930 1803 latrones
955 1739 1123 1804 incidisse:

158 1826 243 1892 solet
264 1826 350 1912 fieri,
371 1826 545 1892 hamanum
569 1829 628 1912 est,
648 1826 813 1912 frequens,
838 1828 920 1893 scio:
946 1828 1002 1892 sed
1024 1849 1123 1894 nemo

157 1913 196 1980 de
219 1915 281 1981 hoc
303 1916 507 2000 loqueretur,
530 1916 559 1981 si
582 1936 716 1980 uxorem
738 1937 804 1981 non
829 1915 1125 2001 deprehendissem.

105 2020 139 2070 20
158 2004 335 2089 mirantur,
363 2004 448 2090 quod
475 2008 602 2089 patrem
630 2004 662 2068 iu
691 2004 748 2070 illc
780 2004 924 2090 periculo
945 2006 1125 2090 reliquisti:

158 2111 219 2176 ego
239 2096 272 2157 te
290 2097 371 2178 puto
391 2093 506 2159 fecisse
527 2094 703 2179 sapientem
728 2096 760 2158 et
779 2095 806 2158 si
825 2095 946 2159 crimen
962 2097 1012 2160 est
1026 2095 1125 2178 istud,

157 2180 286 2264 utrique
310 2202 479 2247 commune
503 2185 561 2248 est.
606 2204 686 2247 nam
709 2185 741 2246 et
764 2203 825 2269 ego
848 2183 928 2269 fugi.
965 2205 1033 2249 nou
1057 2207 1125 2249 era·

157 2290 229 2334 mus
269 2291 377 2354 pares:
422 2269 500 2355 quid
547 2270 709 2336 attinebat
749 2271 948 2356 periclitari?
1001 2276 1127 2338 utrum·

158 2380 219 2443 que
249 2363 398 2424 nostrum
426 2360 541 2424 fecisse
569 2381 696 2426 summo
727 2361 862 2426 consilio
885 2363 975 2446 puto.
1021 2362 1058 2427 in
1078 2363 1125 2427 la-

105 2463 139 2512 25
157 2450 268 2513 trenes
304 2449 474 2514 incidimus
512 2453 545 2513 et
584 2448 790 2534 recessimus,
830 2450 987 2535 fugimus3
1027 2472 1125 2518 nemo

157 2540 345 2620 persecutus
379 2541 436 2603 est.
487 2537 564 2623 quid
592 2558 669 2622 ergo
703 2538 775 2603 cst?
817 2560 877 2624 ego
907 2539 1048 2625 gaudeo,
1075 2539 1127 2607 cui

157 2645 224 2690 non
246 2626 427 2711 potui<sti>
452 2627 541 2691 aliud
565 2627 670 2691 maius
693 2626 885 2692 beneficium
909 2628 995 2713 dare,
1027 2650 1127 2713 quam

157 2716 195 2777 ut
226 2714 334 2780 salvus
363 2737 458 2782 esses.
506 2718 595 2799 sunt,
627 2715 681 2800 qui
708 2719 741 2779 te
769 2719 884 2801 putent
906 2738 966 2801 pro
990 2740 1044 2783 me
1067 2741 1127 2803 pu-

158 2821 258 2887 gnare
282 2804 441 2870 debuisse.
474 2803 638 2880 Querebar
660 2805 759 2889 paulo
780 2808 855 2871 ante
875 2804 914 2869 de
932 2806 1125 2872 infirmitate

232 3016 247 3064 1
267 3011 387 3067 alterum
404 3017 434 3083 B,
452 3013 584 3070 alterium
602 3017 694 3086 Psslo
713 3015 768 3071 hcc
786 3015 830 3085 ΙΙΙ
846 3021 877 3070 11
893 3014 945 3071 filii
962 3019 1056 3088 111112
1075 3034 1125 3089 po·

158 3083 203 3136 tes
223 3086 271 3150 Aa,
290 3086 373 3152 putet
390 3087 420 3152 B,
437 3086 523 3154 putat
540 3088 583 3156 l’fl
598 3092 631 3141 13
650 3102 717 3142 vero
735 3091 794 3156 AB,
814 3103 883 3144 corr.
902 3087 947 3143 Rc
960 3089 974 3170 lq
985 3090 1015 3142 at
1032 3093 1053 3142 B
1068 3091 1077 3160 fl
1093 3095 1126 3146 15

161 3163 192 3209 Ν
213 3158 237 3207 A
250 3155 259 3224 ll
273 3154 327 3209 tibi
347 3159 409 3225 AB,
429 3172 498 3212 corr.
516 3157 574 3211 Aer
592 3159 601 3227 ΙΙ
622 3164 654 3212 16
672 3158 767 3225 fect*
786 3161 873 3214 const.
893 3159 947 3214 tibi
965 3177 1045 3228 rnn.,·
1057 3180 1078 3216 s.
1098 3180 1125 3215 n.

158 3227 217 3306 pot.
238 3228 325 3281 const.
344 3225 398 3282 tibi
416 3226 435 3284 f.
459 3228 468 3298 ss
491 3227 582 3284 famae
602 3231 631 3283 et
649 3229 759 3284 scire!
782 3230 791 3299 Η
812 3237 844 3285 17
862 3230 963 3302 nostrl]
984 3246 1059 3287 nunc
1077 3235 1098 3284 B
1116 3231 1125 3303 ql

159 3311 202 3349 rra
220 3298 299 3352 actus
318 3302 379 3366 AB,
399 3315 467 3355 corr.
487 3299 544 3355 Aer
557 3303 567 3371 1}
580 3298 651 3427 Sin>
669 3300 733 3355 latr.
753 3303 812 3357 cdd.
831 3304 841 3372 ss
861 3309 894 3358 18
914 3320 1055 3357 summum
1074 3305 1125 3359 est.

155 3382 276 3436 sequens
295 3369 370 3427 scio=
390 3371 439 3428 sed
458 3374 508 3424 AB
528 3377 552 3427 et
571 3389 583 3427 e
603 3372 645 3440 d,
664 3387 734 3427 corr.
754 3372 796 3428 Gr
813 3379 839 3428 ct
858 3373 915 3429 Otr
927 3375 938 3444 ΙΙ
951 3379 1059 3430 26—2‘1
1078 3373 1128 3444 qui

140 3454 202 3494 non
216 3442 307 3509 potui
325 3448 394 3518 AB,
419 3461 491 3506 corr.
513 3443 557 3504 Ro
575 3443 588 3517 t
603 3449 640 3503 ‘28
657 3443 694 3503 ‘es
714 3447 747 3514 h,
764 3445 1048 3515 essetuqqutautn
