2386 3816
323 172 639 230 DECLAMATIONES.
659 174 772 232 cccxl.
969 177 1035 240 223

61 337 152 403 dnm
178 335 298 422 magis,
332 358 430 421 quem
458 359 662 403 communem
690 338 851 422 quendam
879 340 1035 424 omniurn,

63 426 130 510 qui
157 425 192 491 iu
220 425 407 492 libertatem
431 426 593 506 adserunt,
615 426 771 493 favorem.
805 432 916 494 contre
939 450 1034 513 quem

61 536 148 583 non,
166 513 212 585 id.
226 514 322 601 modo
353 514 489 583 anobis
513 514 737 598 intellegimus
761 537 831 582 esse
855 518 1034 603 dicendum,

64 607 109 670 nt
143 604 316 688 praecipue
347 603 399 669 ius
431 608 593 686 tueamur,
626 604 682 671 sed
709 604 790 670 illud
822 606 935 672 etiam:
966 629 1035 672 non

65 693 182 759 minus
209 714 269 776 pro
297 713 336 758 eo
364 713 448 775 esse,
480 697 594 758 contre
617 715 712 778 quem
736 692 903 760 videamur
928 712 1068 780 egeres

66 782 101 849 si
122 784 235 847 teum
258 781 398 866 explicet
422 779 529 864 fidem,
552 782 637 867 quod
655 804 717 851 nos
736 784 970 849 contendimus.
999 783 1034 848 id

69 871 161 937 enim
183 870 280 937 hodie
303 870 479 954 quaeritur,
502 892 544 936 en
563 892 673 936 servus
693 870 746 938 sit.
782 873 821 938 de
840 863 1033 937 liberalitate

69 960 157 1044 eius,
193 959 250 1044 qui
284 982 345 1027 nos
381 958 515 1025 heredes
552 959 710 1045 instituit,
745 960 828 1027 nihil
860 962 1031 1046 querimur.

69 1070 186 1117 servm
205 1048 403 1115 manumisit
435 1049 589 1114 numeni
613 1051 835 1115 controversia
861 1050 1033 1115 movetur?

69 1160 151 1205 num
173 1138 348 1211 iuvitieoe
369 1137 547 1223 tristesque
569 1138 604 1202 in
626 1159 761 1205 numero
786 1138 928 1205 civitatis
948 1139 1032 1224 oepi—
1053 1157 1085 1206 10

69 1226 197 1294 cimus?
229 1227 297 1298 ulie
317 1225 415 1295 nobis
438 1227 525 1295 ratio
548 1248 623 1293 cum
642 1227 852 1312 debitoribus,
875 1227 1032 1294 eliseum

67 1337 232 1402 ingenms.

137 1402 251 1490 Neque
272 1426 335 1471 nos
356 1404 450 1491 fugit,
473 1404 564 1471 velut
585 1404 621 1469 in
644 1405 842 1472 contrarium
865 1406 913 1471 ire
931 1406 1031 1471 litem.

66 1516 147 1561 nem
170 1494 294 1579 siquis
318 1516 356 1559 ex
378 1493 474 1559 nobis
497 1495 597 1561 istum
620 1515 748 1561 servum
767 1499 906 1580 voearet,
929 1496 1032 1560 multu

66 1583 214 1651 hebetet
234 1582 393 1668 profecto,
415 1605 496 1668 quse
515 1605 574 1668 pro
594 1605 630 1651 se
648 1582 778 1669 diceret,
802 1606 860 1668 per
879 1606 962 1670 quoe
981 1585 1028 1648 in·
1049 1600 1082 1650 15

67 1694 196 1760 genuus
218 1671 391 1739 videretur.
421 1672 497 1756 quid
522 1673 608 1739 euim
631 1673 685 1738 lex
704 1671 804 1738 dicit?
826 1673 1029 1738 »addictus

68 1764 191 1829 donec
219 1761 387 1828 solverit
415 1761 597 1846 serviet«,
625 1767 662 1827 ut
693 1760 824 1848 opinor,
855 1783 935 1827 non:
968 1783 1031 1826 ser·

68 1873 131 1919 vus
154 1851 209 1917 sit.
246 1850 424 1936 plurimum
446 1853 561 1917 eutem.
579 1850 687 1916 refert.
723 1871 799 1915 nom
823 1849 943 1914 servire
967 1871 1031 1913 me

66 1941 133 2008 rito
162 1940 299 2006 dicimus
326 1943 360 2005 et
387 1962 457 2024 eos,
473 1939 541 2024 ·qui
569 1939 604 2003 in
631 1939 755 2022 pirates
783 1936 968 2020 inciderint,
999 1941 1032 2002 et

67 2050 139 2112 eos,
162 2029 218 2114 qui
247 2029 288 2095 ab
316 2028 413 2095 hoste
440 2029 505 2093 sint
533 2027 634 2111 capti:
662 2027 695 2092 id
718 2026 847 2112 quidem
871 2026 958 2111 quod
980 2027 1028 2091 in·
1049 2043 1083 2092 2ο

69 2117 187 2204 gennis
219 2123 337 2183 nutrire
364 2118 465 2202 dedit,
496 2117 587 2183 nulle
617 2115 768 2182 fortunae
799 2115 918 2182 iniuria
950 2115 1032 2201 eripi

68 2209 189 2294 potest.
220 2206 255 2273 id
275 2207 422 2292 quemvis
441 2205 526 2272 nulli
542 2228 610 2272 non
625 2210 771 2272 vestrum
790 2204 942 2272 existimo
961 2227 1032 2271 esse

66 2296 287 2381 menifestum,
310 2296 504 2382 quibusdem
523 2299 634 2362 temen
652 2295 811 2362 confessis
831 2295 1031 2379 argumentis

67 2385 240 2453 ostendere
249 2386 334 2451 volo.
359 2388 434 2451 unte
444 2385 554 2452 omniu
568 2386 710 2467 [servus]
724 2384 778 2450 hic
790 2383 892 2449 habet
904 2404 1032 2464 nomen,

67 2478 120 2541 est
142 2475 178 2541 in
200 2497 308 2557 censu,
330 2473 428 2559 estin
446 2473 544 2541 tribu
568 2496 706 2559 quorum
724 2473 807 2539 nihil
828 2470 880 2560 (ut
899 2471 1028 2558 opinor)
1049 2485 1082 2536 25

68 2563 266 2649 deprehendi
290 2564 325 2629 in
348 2585 441 2629 servo
463 2566 582 2648 potest.
618 2568 673 2648 „ut
696 2563 870 2628 intervenit
893 2584 931 2626 ec
954 2583 1029 2626 oon-

67 2653 164 2738 dicio,
184 2657 222 2718 ut
241 2653 361 2719 servire
380 2653 506 2737 debeat,
528 2652 630 2718 donec
649 2651 810 2718 solverit“
841 2651 902 2717 hoc
921 2651 1029 2735 ipsum

67 2741 157 2809 servi
177 2764 245 2808 non
267 2746 327 2826 est,
349 2742 469 2808 habere
492 2742 529 2807 in
551 2764 611 2808 sue
633 2743 806 2826 potestate,
828 2740 956 2826 quando
976 2742 1028 2806 de-

66 2831 157 2899 sinet
184 2833 313 2899 servire.
358 2831 472 2917 fingite
500 2831 601 2916 enim,
633 2830 770 2910 iudices,
802 2834 859 2896 eut
886 2830 1030 2922 oblatam

138 3013 155 3062 2
175 3008 351 3063 esserunt
368 3011 392 3059 Δ
405 3007 414 3077 l
429 3011 445 3061 6
463 3005 591 3062 ridemur
604 3010 624 3058 B
638 3009 648 3074 ΙΙ
662 3010 679 3059 8
694 3004 857 3074 quaerimus
867 3006 912 3075 Bt}
926 3011 941 3058 9
956 3022 1030 3058 nunc

63 3079 112 3135 cui
125 3083 148 3131 Δ
161 3078 171 3150 n
186 3085 219 3134 10
237 3095 294 3133 non
311 3077 368 3132 inv.
380 3081 401 3130 B
415 3079 424 3148 l
440 3082 473 3132 18
492 3078 595 3133 scithe
607 3079 618 3149 Ι]
631 3077 734 3132 referre
748 3081 796 3145 Ae,
814 3074 918 3132 referet
930 3080 1008 3128 13-1³
1021 3075 1031 3146 ll

63 3169 103 3206 en
122 3154 184 3219 AB,
203 3166 271 3206 corr.
294 3149 349 3205 Otr
375 3151 385 3217 u
413 3155 446 3204 19
466 3148 593 3204 dicemus
611 3153 671 3217 ΑΒ,
691 3164 759 3206 corr.
779 3153 850 3203 oum.
870 3149 964 3202 iecere.
984 3162 1030 3214 op.
1114 3170 1118 3178 ·

63 3225 123 3278 Aer
141 3223 151 3292 ΙΙ
167 3221 318 3292 inspiratus
336 3226 377 3274 Aa
395 3222 404 3292 ΙΙ
422 3226 458 3275 20
476 3219 506 3274 id
525 3221 637 3290 quidem
655 3220 713 3288 ing.
732 3224 767 3288 Δ,
786 3219 816 3274 id
836 3218 949 3287 quidem
968 3216 1029 3285 qui-

63 3294 131 3348 dem
149 3294 206 3363 ing,
221 3296 251 3362 B,
270 3292 300 3346 id
314 3291 391 3362 quod
404 3293 463 3348 edd.
480 3292 489 3361 ΙΙ
503 3298 536 3346 21
552 3291 600 3346 ini.
621 3297 650 3346 et
662 3290 717 3362 ipsi
731 3291 789 3361 pot.
803 3291 846 3360 1²ss
860 3295 895 3344 24
910 3287 1029 3360 [servus]

63 3365 107 3421 Gr
125 3367 135 3436 l
153 3369 187 3420 25
207 3367 258 3418 aut
274 3367 337 3430 AB,
357 3378 425 3418 corr.
445 3362 490 3418 Fr
507 3364 517 3433 l
535 3368 569 3418 26
588 3368 637 3418 eut
655 3366 724 3416 AbB
742 3361 752 3431 ll
770 3360 916 3417 28desiuet
933 3360 976 3429 Bt!
996 3364 1029 3412 29

64 3441 192 3528 oblutehi
210 3475 234 3523 A
