2386 3816
101 151 167 217 398
466 149 696 217 QUINTILIANI

101 314 200 380 illos?
235 313 373 400 nescire,
405 314 480 396 quid
503 313 736 398 pronuntient?
774 313 954 378 etiamnum
985 336 1067 401 ergo

102 424 277 488 suspensos
305 403 445 486 <esse>l
483 425 539 468 cur
566 402 689 467 dimitti
716 401 877 486 postulas,
910 403 939 467 si
966 404 1067 469 iudex

102 492 283 557 deliberat?
324 492 470 577 „plures,
503 492 622 576 inquit,
656 513 708 556 me
741 491 825 557 mori
857 492 1020 556 noluerun
1041 492 1067 557 “.

102 580 179 665 quid
197 580 299 666 igitur
318 581 434 665 velint,
457 581 646 664 pronunties
667 583 806 663 oportet.
839 579 972 644 illorum
993 603 1068 646 sen-

66 685 82 735 5
101 669 240 734 tentiam
263 670 392 755 signare
415 670 503 734 volo:
527 672 697 734 accusator
719 668 855 733 recitare
878 667 930 732 his
951 669 1068 735 iudici·

102 758 163 824 bus
182 759 267 842 volo,
286 763 323 825 ut
341 758 492 842 habeant,
512 758 597 844 quod
615 760 800 843 sequantur.
827 756 929 841 „Duo,
947 757 1067 843 inquit,

102 847 234 912 exilium
258 846 340 912 mihi
367 845 570 932 iniungunt.“
605 845 676 911 Iam
699 846 800 931 igitur
822 866 861 910 eto
879 849 974 929 parte
1000 869 1065 912 una

102 937 212 1020 plures
235 935 331 1019 facis3
354 935 420 1000 iam
443 937 573 1000 turbam
596 936 705 1019 istam,
728 956 810 1017 quae
834 935 986 1000 universa
1011 958 1069 1001 no-

102 1029 202 1105 ceret,
225 1024 397 1090 dividendo
421 1025 591 1109 extinguis.
628 1025 692 1089 duo
717 1023 862 1106 exilium,
886 1022 948 1088 duo
972 1025 1068 1109 igno-

50 1130 83 1179 10
102 1113 237 1178 miniam
261 1114 490 1198 pronuntiant:
518 1113 567 1178 vis
591 1133 652 1198 ego
676 1113 750 1177 illos
773 1112 926 1197 iungam,
950 1114 1010 1196 qui
1034 1135 1070 1178 se

102 1202 167 1286 ipsi
191 1201 361 1267 dividunt?
398 1206 559 1267 revertere
586 1223 671 1266 nuno
700 1200 740 1266 ad
768 1201 868 1265 verbe
898 1200 998 1285 legis,
1031 1207 1069 1266 ut

102 1291 200 1374 paulo
225 1294 307 1356 ante.
339 1311 474 1374 squam
497 1312 671 1374 poenam,
694 1290 809 1374 inquit,
831 1289 956 1354 maior
974 1312 1068 1374 pars

101 1379 270 1444 iudicum
294 1379 513 1444 statuerit«
561 1384 688 1463 partem
712 1378 935 1464 intellegimus
959 1379 1072 1444 eidem

102 1488 237 1531 numero
268 1468 479 1552 adplicatam,
508 1467 777 1552 quemadmodum
802 1467 966 1532 sententia
990 1490 1070 1534 con-

51 1570 84 1620 15
102 1556 262 1640 iunctam,
290 1557 337 1622 sic
359 1556 465 1622 turba.
498 1556 619 1643 alioqui
643 1556 671 1620 si
694 1557 828 1622 miscere
850 1556 913 1620 tibi
937 1561 971 1621 et
993 1559 1070 1623 iun-

103 1664 180 1727 gere
204 1645 432 1710 dissentientes
456 1645 542 1730 licet,
564 1667 621 1711 cur
638 1645 699 1709 hos
718 1650 785 1711 tres
805 1645 961 1730 separas?
989 1668 1073 1731 quo·

102 1732 198 1798 modo
222 1735 309 1799 enim
331 1733 367 1798 hi
390 1735 431 1800 ab
456 1734 522 1799 illis
546 1737 699 1820 quattuor
722 1734 920 1817 discrepant,
945 1736 993 1799 sic
1018 1735 1072 1801 illi

102 1824 189 1887 inter
218 1844 252 1888 se
280 1828 436 1909 pugnant.
482 1843 560 1909 ergo
588 1845 654 1888 non
682 1822 769 1887 idem
798 1823 975 1888 sentientes
998 1846 1074 1892 non

103 1914 196 1995 potes
219 1912 365 1998 iungere:
399 1913 485 1978 idem
510 1911 685 1977 sentientes
709 1933 869 1996 compara.
916 1933 988 1996 ego,
1012 1915 1073 1998 qui

50 2016 84 2065 2ο
103 2003 243 2065 mortem
265 2001 487 2084 pronuntient,
510 2004 576 2066 tres
600 2000 718 2065 habeo:
747 2001 870 2084 produc
893 2001 980 2083 illos,
1011 2005 1073 2086 qui

104 2089 235 2152 exilium
251 2090 477 2172 pronuntiant:
495 2089 602 2174 vinco;
620 2089 751 2174 produc,
766 2091 821 2174 qui
835 2090 1073 2176 ignominiam:

105 2197 206 2259 aeque
230 2177 333 2242 vinco.
366 2177 509 2243 dubitari
532 2182 642 2264 potest
664 2179 879 2243 valentiorem
904 2201 975 2243 esse
994 2200 1073 2262 par·

103 2269 183 2349 tem,
214 2286 297 2349 quae
330 2267 510 2350 composita
537 2268 643 2332 neutri
667 2267 861 2349 succumbit,
894 2272 1073 2352 utramque

105 2353 260 2438 superat?
298 2354 395 2438 quid?
432 2356 460 2419 si
489 2357 575 2420 enim
603 2361 759 2441 quattuor
786 2356 835 2420 illi
863 2356 897 2419 in
927 2358 1073 2422 totidem

50 2457 84 2507 25
104 2441 308 2526 disputarent
327 2445 520 2509 sententias:
543 2444 699 2531 numquid
717 2445 795 2510 illos
817 2467 877 2529 pro
891 2466 957 2509 una
971 2451 1071 2529 parte

103 2532 306 2615 opponeres?
336 2555 432 2599 nemo
457 2534 525 2598 sine
550 2532 647 2599 dubio
671 2555 744 2599 cum
767 2534 874 2598 tribus
898 2533 980 2598 meis
1000 2538 1071 2599 sta-

102 2626 167 2705 ret,
191 2622 247 2685 sed
270 2643 366 2688 nemo
394 2622 489 2687 alteri
513 2627 599 2687 esset
627 2622 813 2688 adiunctus:
844 2622 1003 2707 numquid
1029 2645 1071 2689 ex

103 2712 259 2792 quattuor
282 2711 452 2776 sententiis
472 2734 571 2776 unum
590 2733 706 2795 corpus
726 2710 894 2777 efficeres?
921 2713 1070 2778 minime.

12 2840 14 2846 ·
103 2801 138 2861 at
161 2798 238 2882 quid
258 2800 403 2884 interest,
426 2800 495 2866 bini
520 2823 562 2865 an
581 2799 701 2886 singuli
719 2785 939 2865 dissentiant?
962 2821 1071 2883 aeque

175 2944 189 2992 1
208 2938 407 3008 pronunciaret
423 2943 444 2992 B
462 2942 473 3009 l
490 2946 506 2995 2
526 2940 669 3010 suspectos
687 2943 708 2992 B
733 2942 743 3010 ΙΙ
765 2937 868 3014 (esse)
886 2939 931 2996 Ro
958 2941 969 3010 ΙΙ
993 2947 1069 2998 4-6

101 3009 255 3065 sententias
274 3013 294 3062 Β
313 3011 323 3080 l
341 3015 411 3065 5-6
429 3010 621 3066 iudiciumne
642 3013 656 3093 ll
676 3016 691 3065 7
711 3010 828 3081 *aperte
846 3015 894 3064 ΔΒ
914 3014 924 3082 ll
943 3018 977 3064 10
998 3030 1071 3084 ergo

101 3086 143 3135 Aa
155 3081 165 3150 l
178 3081 322 3150 iniungam
339 3083 384 3151 llll
400 3088 432 3136 11
451 3084 480 3137 et
492 3086 513 3135 B
527 3084 537 3151 ss
552 3089 585 3137 13
598 3082 733 3136 iud1cium
748 3086 771 3135 Δ
784 3084 794 3152 l
807 3085 937 3152 partem
957 3085 1072 3153 Aleo-

102 3152 167 3208 dem
184 3154 348 3222 31113-14
366 3153 478 3209 *eidem
496 3153 545 3208 uni
563 3155 626 3223 adp.
647 3152 683 3223 (J)
703 3154 737 3220 cf.
757 3158 823 3220 402,
838 3159 911 3210 8-9
931 3155 941 3223 l
957 3158 1068 3212 14-15

102 3224 251 3280 coniuncta
268 3228 289 3277 B
312 3226 322 3295 ll
345 3229 450 3279 15—16
468 3224 499 3278 in
516 3240 619 3294 genere
637 3228 675 3293 Δ,
692 3224 825 3294 ingenere
843 3228 877 3293 B,
897 3241 965 3280 corr.
990 3226 1071 3301 Obrll

102 3301 135 3349 21
155 3295 271 3351 exitium
290 3300 339 3363 Aa,
358 3295 465 3350 exitum
477 3298 499 3346 B
512 3296 523 3364 l
536 3300 570 3350 23
590 3295 773 3366 conposita
791 3300 815 3349 Δ
828 3297 838 3365 ΙΙ
850 3299 950 3352 neutro
968 3300 1068 3368 31125

102 3365 295 3435 discreparent
312 3369 382 3433 Aer,
402 3366 618 3436 dispertirentur
636 3367 690 3422 Scb
712 3369 721 3437 ΙΙ
744 3373 779 3422 26
799 3372 981 3436 opponensB
1003 3372 1013 3439 ΙΙ
1032 3376 1070 3426 28

95 3436 237 3494 efficerem
257 3440 352 3512 21129
372 3437 477 3513 aeque]
496 3443 606 3509 quaer
