2386 3816
173 161 239 226 384
537 155 767 224 oumrmmur
787 233 791 236 ἢ

173 324 282 388 meriti
306 322 534 407 gravissimum
558 321 621 386 sibi
643 321 765 385 crimen
788 319 882 403 obici,
905 321 942 382 ut
966 318 1021 401 qui
1043 317 1136 382 solus

173 434 241 477 rem
255 411 420 495 publicam
436 409 624 494 defenderit,
639 409 822 493 opprimere
836 407 979 473 voluisse
994 406 1134 472 dicatur.

556 602 744 672 oconm.
797 631 799 633 ·
842 594 847 602 ’

453 729 727 812 nisponsatoros
753 727 852 796 torti.

138 855 312 933 oQuidam
347 855 389 920 ab
422 854 584 920 infitianto
610 854 745 940 potebat
771 853 962 937 depositum.
1008 853 1137 936 dispen-

264 948 386 1009 satores
410 943 579 1028 utriusque
602 943 683 1010 torti
707 943 868 1009 contraria
889 942 1030 1007 dominis
1049 941 1137 1006 dixe-

263 1038 347 1099 runt.
373 1033 412 1099 de
436 1033 565 1116 integro
588 1033 628 1097 lis
652 1035 711 1097 est.

567 1226 739 1294 SERMO.

242 1354 368 1419 Petitor
390 1376 521 1420 necessa
545 1357 596 1419 est
612 1353 749 1418 infamet
768 1352 1025 1435 dispensatorem
1044 1374 1138 1417 suum

123 1461 157 1509 10
175 1447 209 1508 et
239 1442 326 1507 dicat
358 1442 398 1508 ab
432 1442 616 1508 adversario
649 1445 850 1525 corruptumr
884 1444 917 1506 et
949 1463 988 1506 ea
1019 1442 1139 1507 fiducia

176 1553 246 1597 esse
269 1531 362 1595 illum
385 1531 574 1616 infitiatum,
598 1552 671 1596 cum
694 1531 901 1615 promitteret
923 1529 1140 1616 dispensator,

175 1622 370 1704 negaturum
398 1641 433 1684 se
462 1620 560 1685 etiam
587 1620 621 1684 in
649 1619 832 1685 tormentis.
877 1619 989 1703 itaque
1020 1620 1061 1683 ab
1087 1620 1139 1683 ad-

175 1709 320 1775 versario
343 1711 468 1794 natum,
491 1731 564 1774 cum
587 1708 628 1774 lis
653 1712 753 1774 esset:
785 1708 1047 1792 »dispensatores
1072 1712 1139 1773 tor-

176 1819 358 1884 queamus«
404 1798 543 1864 alterum
570 1797 656 1864 hunc
684 1797 941 1882 dispensatorem
970 1797 1042 1861 sani
1064 1820 1140 1882 pro-

124 1904 158 1953 15
176 1888 276 1971 positi
301 1887 394 1971 dicet,
418 1887 473 1972 qui
498 1909 625 1971 semper
648 1887 810 1971 accepisse
834 1907 868 1950 se
891 1886 1001 1971 palam
1020 1885 1142 1952 dixerit

178 1981 211 2041 et
234 1975 357 2061 statim,
380 1998 453 2042 cum
477 1976 571 2040 datus
591 1976 635 2041 sit
652 1975 688 2040 in
705 1977 878 2060 tormenta,
900 1974 963 2040 hoc
984 1974 1048 2039 sibi
1068 1997 1141 2060 pro

176 2065 336 2149 posuerit:
359 2064 481 2149 aquid?
506 2084 567 2148 ego
591 2086 653 2148 quo
677 2065 821 2148 praemio
845 2064 1030 2128 mentiar&
1064 2087 1140 2129 eon·

176 2153 298 2217 fessum
331 2173 409 2219 esse.
455 2152 502 2217 Et
530 2153 593 2218 hoc
625 2154 658 2218 in
690 2153 772 2218 locis
804 2153 916 2217 valens
950 2156 1013 2217 est:
1042 2158 1141 2218 >tuus

177 2241 382 2325 dispensator
410 2242 571 2325 accepisse
599 2264 634 2306 se
662 2241 723 2326 ait,
755 2263 845 2305 meus
874 2242 999 2306 dedisse
1024 2245 1141 2326 negat:

61 2371 65 2379 ·
123 2347 159 2397 20
177 2331 272 2395 huius
306 2330 471 2415 potentior
502 2352 565 2396 vox
597 2334 660 2415 est3
693 2333 804 2415 potest
836 2330 922 2396 enim
951 2331 1051 2396 etiam
1083 2354 1143 2415 per

178 2420 277 2484 alium
314 2425 485 2485 numerata
525 2419 629 2484 videri
665 2418 832 2503 pecunias
891 2418 991 2485 Initio
1030 2424 1141 2485 autam

178 2508 262 2573 dicet
293 2509 380 2574 hanc
413 2509 476 2573 sibi
507 2509 669 2592 placuisse
701 2531 844 2589 servum,
878 2511 910 2572 et
938 2508 1010 2575 ideo
1043 2532 1143 2593 supra

177 2597 321 2662 rationes
355 2619 425 2662 asse
453 2598 609 2681 positum3
644 2598 698 2662 sed
727 2600 841 2681 postea
868 2600 901 2662 at
924 2596 1059 2664 licentia
1082 2621 1143 2664 sua

178 2689 211 2750 et
239 2686 411 2752 securitate
440 2687 575 2770 domini,
604 2688 659 2768 qui
688 2686 737 2750 illi
760 2685 933 2770 plurimum
959 2687 1143 2772 crediderit,

124 2791 158 2840 25
179 2797 249 2839 esse
267 2775 301 2839 in
321 2775 402 2840 vitia
423 2797 443 2839 a
462 2774 574 2840 multis
594 2779 791 2859 corruptum,
811 2780 984 2861 antequam
1004 2777 1143 2842 abhoc:

178 2867 212 2928 et
238 2863 310 2928 ideo
342 2886 375 2928 se
399 2863 596 2947 deposuisse.
641 2864 725 2929 hanc
749 2864 811 2929 sibi
835 2865 1016 2948 deponendi
1040 2865 1143 2931 fuisse

178 2972 322 3033 causam,
350 2973 423 3017 cum
451 2952 574 3017 videret
600 2953 635 3017 in
663 2953 748 3019 malo
779 2957 868 3019 statu
891 2954 1035 3020 rationes
1061 2977 1143 3020 esse.

1103 3125 1115 3152 Ι

249 3168 265 3216 2
285 3161 447 3217 defenderet
465 3165 521 3231 ΔΒ,
541 3179 608 3218 corr.
628 3164 713 3234 Acru
736 3170 752 3219 ὅ
771 3163 908 3219 infitiante
926 3167 1002 3236 Δ117
1021 3164 1144 3237 integio·

178 3233 216 3288 ris
234 3235 278 3289 est
295 3235 341 3305 ΔΙΙ
361 3239 394 3288 10
412 3238 448 3281 U
467 3235 499 3287 in
517 3251 602 3305 marp.
622 3237 668 3305 ΔΙΙ
689 3242 794 3290 12-13
813 3235 876 3291 adv.
897 3237 1080 3292 subornatum
1098 3243 1119 3289 1³
1137 3240 1144 3308 i

180 3309 283 3360 14-15
303 3305 455 3375 praepositi
473 3306 522 3375 ΒΙΙ
546 3312 578 3362 16
596 3307 679 3362 decet
696 3311 745 3360 ΔΒ
764 3309 774 3376 ΙΙ
797 3313 830 3362 16
849 3307 947 3362 datum
965 3311 1010 3379 Bu
1036 3314 1142 3364 16-17

54 3380 60 3389 '
176 3380 362 3446 proposuerat
380 3381 427 3430 ΔΒ
440 3378 451 3448 ΙΙ
464 3383 498 3431 22
516 3378 563 3432 hic
582 3381 638 3447 AB,
658 3395 726 3434 corr.
748 3378 801 3433 sa
814 3379 824 3448 ΙΙ
837 3384 871 3432 23
886 3379 1024 3436 rationi
1045 3384 1068 3433 Δ
1082 3382 1092 3450 t
1106 3388 1141 3436 25

168 3449 227 3503 isse
245 3452 269 3503 Β
280 3450 294 3522 11
305 3467 432 3524 anquam
451 3449 498 3523 All
513 3449 549 3506 ad
565 3453 589 3503 B
